@inproceedings{mattick2009energy,
  title={Energy and civilization: A history of energy production and consumption in a global cultural, technological and economic context},
  author={Mattick, Carolyn S and Williams, Eric and Allenby, Braden R},
  booktitle={2009 IEEE International Symposium on Sustainable Systems and Technology},
  pages={1--6},
  year={2009},
  organization={IEEE}
}

@article{gray2020extended,
  title={The Extended Kardashev Scale},
  author={Gray, Robert H},
  journal={The Astronomical Journal},
  volume={159},
  number={5},
  pages={228},
  year={2020},
  publisher={IOP Publishing}
}

@article{curry1995sea,
  title={Sea ice-albedo climate feedback mechanism},
  author={Curry, Judith A and Schramm, Julie L and Ebert, Elizabeth E},
  journal={Journal of Climate},
  volume={8},
  number={2},
  pages={240--247},
  year={1995},
  publisher={American Meteorological Society}
}

@article{hansen1984climate,
  title={Climate sensitivity: Analysis of feedback mechanisms},
  author={Hansen, James and Lacis, A and Rind, D and Russell, G and Stone, P and Fung, I and Ruedy, R and Lerner, J},
  journal={Climate processes and climate sensitivity},
  volume={29},
  pages={130--163},
  year={1984},
  publisher={Wiley Online Library}
}

@article{schneider1972cloudiness,
  title={Cloudiness as a global climatic feedback mechanism: The effects on the radiation balance and surface temperature of variations in cloudiness},
  author={Schneider, Stephen H},
  journal={Journal of Atmospheric Sciences},
  volume={29},
  number={8},
  pages={1413--1422},
  year={1972}
}

@article{dean2018methane,
  title={Methane feedbacks to the global climate system in a warmer world},
  author={Dean, Joshua F and Middelburg, Jack J and R{\"o}ckmann, Thomas and Aerts, Rien and Blauw, Luke G and Egger, Matthias and Jetten, Mike SM and de Jong, Anniek EE and Meisel, Ove H and Rasigraf, Olivia and others},
  journal={Reviews of Geophysics},
  volume={56},
  number={1},
  pages={207--250},
  year={2018},
  publisher={Wiley Online Library}
}

@article{poincare1947curves,
  title={On curves defined by differential equations},
  author={Poincar{\'e}, Henri},
  journal={GITTL, Moscow-Leningrad},
  volume={156},
  year={1947}
}

@article{hopf1927vektorfelder,
  title={Vektorfelder in n-dimensionalen Mannigfaltigkeiten},
  author={Hopf, Heinz},
  journal={Mathematische Annalen},
  volume={96},
  pages={225--249},
  year={1927},
  publisher={Springer}
}

@article{mercier1964equilibrium,
  title={Equilibrium and stability of a toroidal magnetohydrodynamic system in the neighbourhood of a magnetic axis},
  author={Mercier, Claude},
  journal={Nuclear Fusion},
  volume={4},
  number={3},
  pages={213},
  year={1964},
  publisher={IOP Publishing}
}

@article{beklemishev2013novosibirsk,
  title={Novosibirsk project of gas-dynamic multiple-mirror trap},
  author={Beklemishev, A and Anikeev, A and Astrelin, V and Bagryansky, P and Burdakov, A and Davydenko, V and Gavrilenko, D and Ivanov, A and Ivanov, I and Ivantsivsky, M and others},
  journal={Fusion Science and Technology},
  volume={63},
  number={1T},
  pages={46--51},
  year={2013},
  publisher={American Nuclear Society, Inc.}
}

@article{burdakov2011concept,
  title={Concept of fusion reactor based on multiple-mirror trap},
  author={Burdakov, AV and Arzhannikov, AV and Astrelin, VT and Beklemishev, AD and Ivanov, AA and Kotelnikov, IA and Kruglyakov, EP and Polosatkin, SV and Postupaev, VV and Sinitsky, SL and others},
  journal={Fusion Science and Technology},
  volume={59},
  number={1T},
  pages={9--16},
  year={2011},
  publisher={Taylor \& Francis}
}

@article{waldrop2014fusion,
  title={The Fusion Upstarts},
  author={Waldrop, M},
  journal={Nature},
  volume={511},
  number={7510},
  pages={398--400},
  year={2014},
  publisher={Nature Publishing Group}
}

@article{ivanov2017gas,
  title={Gas dynamic trap: experimental results and future prospects},
  author={Ivanov, Alexander Alexandrovich and Prikhodko, Vadim Vadimovich},
  journal={Physics-Uspekhi},
  volume={60},
  number={5},
  pages={509},
  year={2017},
  publisher={IOP Publishing}
}

@book{freidberg2008plasma,
  title={Plasma physics and fusion energy},
  author={Freidberg, Jeffrey P},
  year={2008},
  publisher={Cambridge university press}
}

@article{burrell2005advances,
  title={Advances in understanding quiescent H-mode plasmas in DIII-D},
  author={Burrell, KH and West, WP and Doyle, EJ and Austin, ME and Casper, TA and Gohil, P and Greenfield, CM and Groebner, RJ and Hyatt, AW and Jayakumar, RJ and others},
  journal={Physics of plasmas},
  volume={12},
  number={5},
  pages={056121},
  year={2005},
  publisher={American Institute of Physics}
}

@article{itoh1988model,
  title={Model of L to H-mode transition in tokamak},
  author={Itoh, Sanae-I and Itoh, Kimitaka},
  journal={Physical review letters},
  volume={60},
  number={22},
  pages={2276},
  year={1988},
  publisher={APS}
}

@article{burrell1992physics,
  title={Physics of the L-mode to H-mode transition in tokamaks},
  author={Burrell, KH and Carlstrom, TN and Doyle, EJ and Finkenthal, D and Gohil, P and Groebner, RJ and Hillis, DL and Kim, J and Matsumoto, H and Moyer, RA and others},
  journal={Plasma Physics and Controlled Fusion},
  volume={34},
  number={13},
  pages={1859},
  year={1992},
  publisher={IOP Publishing}
}

@article{groebner1993emerging,
  title={An emerging understanding of H-mode discharges in tokamaks},
  author={Groebner, RJ},
  journal={Physics of Fluids B: Plasma Physics},
  volume={5},
  number={7},
  pages={2343--2354},
  year={1993},
  publisher={American Institute of Physics}
}

@techreport{spitzer1951project,
  title={Project Matterhorn Report},
  author={Spitzer Jr, L},
  year={1951},
  institution={PM-S-1 NYO-993, Princeton University}
}

@article{hahm1988nonlinear,
  title={Nonlinear gyrokinetic equations for tokamak microturbulence},
  author={Hahm, Taik S},
  journal={The Physics of fluids},
  volume={31},
  number={9},
  pages={2670--2673},
  year={1988},
  publisher={American Institute of Physics}
}

@article{dubin1983nonlinear,
  title={Nonlinear gyrokinetic equations},
  author={Dubin, Daniel HE and Krommes, John A and Oberman, C and Lee, WW},
  journal={The Physics of fluids},
  volume={26},
  number={12},
  pages={3524--3535},
  year={1983},
  publisher={American Institute of Physics}
}

@article{brizard2007foundations,
  title={Foundations of nonlinear gyrokinetic theory},
  author={Brizard, Alain J and Hahm, Taik Soo},
  journal={Reviews of modern physics},
  volume={79},
  number={2},
  pages={421},
  year={2007},
  publisher={APS}
}

@article{burby2015hamiltonian,
  title={Hamiltonian gyrokinetic Vlasov--Maxwell system},
  author={Burby, Joshua W and Brizard, Alain J and Morrison, Philip J and Qin, Hong},
  journal={Physics Letters A},
  volume={379},
  number={36},
  pages={2073--2077},
  year={2015},
  publisher={Elsevier}
}

@article{scott2017gyrokinetic,
  title={Gyrokinetic Field Theory as a Gauge Transform or: gyrokinetic theory without Lie transforms},
  author={Scott, Bruce D},
  journal={arXiv preprint arXiv:1708.06265},
  year={2017}
}

@article{krommes2012gyrokinetic,
  title={The gyrokinetic description of microturbulence in magnetized plasmas},
  author={Krommes, John A},
  journal={Annual review of fluid mechanics},
  volume={44},
  pages={175--201},
  year={2012},
  publisher={Annual Reviews}
}

@article{wechsung2022precise,
  title={Precise stellarator quasi-symmetry can be achieved with electromagnetic coils},
  author={Wechsung, Florian and Landreman, Matt and Giuliani, Andrew and Cerfon, Antoine and Stadler, Georg},
  journal={Proceedings of the National Academy of Sciences},
  volume={119},
  number={13},
  pages={e2202084119},
  year={2022},
  publisher={National Acad Sciences}
}

@article{ng2021landau,
  title={Landau Modes are Eigenmodes of Stellar Systems in the Limit of Zero Collisions},
  author={Ng, CS and Bhattacharjee, A},
  journal={The Astrophysical Journal},
  volume={923},
  number={2},
  pages={271},
  year={2021},
  publisher={IOP Publishing}
}

@book{landau2013classical,
  title={The classical theory of fields},
  author={Landau, Lev Davidovich},
  volume={2},
  year={2013},
  publisher={Elsevier}
}

@article{jenko2000electron,
  title={Electron temperature gradient driven turbulence},
  author={Jenko, Frank and Dorland, W and Kotschenreuther, M and Rogers, BN},
  journal={Physics of plasmas},
  volume={7},
  number={5},
  pages={1904--1910},
  year={2000},
  publisher={American Institute of Physics}
}

@article{maurer2020gene,
  title={GENE-3D: A global gyrokinetic turbulence code for stellarators},
  author={Maurer, Maurice and Navarro, A Ba{\~n}{\'o}n and Dannert, Tilman and Restelli, Marco and Hindenlang, Florian and G{\"o}rler, Tobias and Told, Daniel and Jarema, Denis and Merlo, Gabriele and Jenko, Frank},
  journal={Journal of Computational Physics},
  volume={420},
  pages={109694},
  year={2020},
  publisher={Elsevier}
}

@software{barnes_michael_2022_6882296,
  author       = {Barnes, Michael and
                  Dickinson, David and
                  Dorland, William and
                  Hill, Peter Alec and
                  Parker, Joseph Thomas and
                  Roach, Colin Malcolm and
                  Biggs-Fox, Stephen and
                  Christen, Nicolas and
                  Numata, Ryusuke and
                  Parisi, Jason and
                  Wilkie, George and
                  Anton, Lucian and
                  Ball, Justin and
                  Baumgaertel, Jessica and
                  Colyer, Greg and
                  Hardman, Michael and
                  Hein, Joachim and
                  Highcock, Edmund and
                  Howes, Gregory and
                  Jackson, Adrian and
                  Kotschenreuther, Michael T. and
                  Lee, Jungpyo and
                  Leggate, Huw and
                  Mandell, Noah and
                  Mauriya, Adwiteey and
                  Tatsuno, Tomo and
                  Van Wyk, Ferdinand},
  title        = {GS2 v8.1.2},
  month        = jul,
  year         = 2022,
  note         = {{Supported by CCP Plasma (https://gow.epsrc.ukri.or 
                   g/NGBOViewGrant.aspx?GrantRef=EP/M022463/1) and
                   HEC Plasma (https://gow.epsrc.ukri.org/NGBOViewGra
                   nt.aspx?GrantRef=EP/R029148/1)}},
  publisher    = {Zenodo},
  version      = {8.1.2},
  doi          = {10.5281/zenodo.6882296},
  url          = {https://doi.org/10.5281/zenodo.6882296}
}

@inproceedings{francisquez2020gkeyll,
  title={The Gkeyll framework for fluid, gyrokinetic and full kinetic simulation of plasmas: current capabilities and recent results},
  author={Francisquez, Manaure and Hakim, Ammar and Hammett, Gregory W and Wang, Liang and Mukherjee, Rupak and Mandell, Noah R and Juno, James and Cagas, Petr and Bernard, Tess N},
  booktitle={APS Division of Plasma Physics Meeting Abstracts},
  volume={2020},
  pages={TO10--014},
  year={2020}
}

@article{mandell_dorland_landreman_2018, title={Laguerre–Hermite pseudo-spectral velocity formulation of gyrokinetics}, volume={84}, DOI={10.1017/S0022377818000041}, number={1}, journal={Journal of Plasma Physics}, publisher={Cambridge University Press}, author={Mandell, N. R. and Dorland, W. and Landreman, M.}, year={2018}, pages={905840108}}

@article{mandell2022gx,
  title={GX: a GPU-native gyrokinetic turbulence code for tokamak and stellarator design},
  author={Mandell, NR and Dorland, William and Abel, Ian and Gaur, R and Kim, P and Martin, M and Qian, T},
  journal={arXiv preprint arXiv:2209.06731},
  year={2022}
}

@article{barnes2019stella,
  title={stella: An operator-split, implicit--explicit $\delta$f-gyrokinetic code for general magnetic field configurations},
  author={Barnes, Michael and Parra, Felix I and Landreman, Matt},
  journal={Journal of Computational Physics},
  volume={391},
  pages={365--380},
  year={2019},
  publisher={Elsevier}
}

@article{itoh1994theory,
  title={Theory of anomalous transport in H-mode plasmas},
  author={Itoh, S-I and Itoh, K and Fukuyama, A and Yagi, M},
  journal={Physical review letters},
  volume={72},
  number={8},
  pages={1200},
  year={1994},
  publisher={APS}
}

@article{riesz1930inegalite,
  title={Sur une inegalite integarale},
  author={Riesz, Fr{\'e}d{\'e}ric},
  journal={Journal of the London Mathematical Society},
  volume={1},
  number={3},
  pages={162--168},
  year={1930},
  publisher={Wiley Online Library}
}

@article{burchard1996cases,
  title={Cases of equality in the Riesz rearrangement inequality},
  author={Burchard, Almut},
  journal={Annals of mathematics},
  volume={143},
  number={3},
  pages={499--527},
  year={1996},
  publisher={JSTOR}
}

@article{burchard2006rearrangement,
  title={Rearrangement inequalities for functionals with monotone integrands},
  author={Burchard, Almut and Hajaiej, Hichem},
  journal={Journal of Functional Analysis},
  volume={233},
  number={2},
  pages={561--582},
  year={2006},
  publisher={Elsevier}
}

@article{hajaiej2011necessity,
  title={On the necessity of the assumptions used to prove Hardy--Littlewood and Riesz rearrangement inequalities},
  author={Hajaiej, Hichem},
  journal={Archiv der Mathematik},
  volume={96},
  pages={273--280},
  year={2011},
  publisher={Springer}
}

@article{frank2019proof,
  title={Proof of spherical flocking based on quantitative rearrangement inequalities},
  author={Frank, Rupert L and Lieb, Elliott H},
  journal={arXiv preprint arXiv:1909.04595},
  year={2019}
}

@article{carlen2017stability,
  title={Stability for the Brunn-Minkowski and Riesz rearrangement inequalities, with applications to Gaussian concentration and finite range non-local isoperimetry},
  author={Carlen, Eric and Maggi, Francesco},
  journal={Canadian journal of mathematics},
  volume={69},
  number={5},
  pages={1036--1063},
  year={2017},
  publisher={Cambridge University Press}
}

@article{lorenz1955available,
  title={Available potential energy and the maintenance of the general circulation},
  author={Lorenz, Edward N},
  journal={Tellus},
  volume={7},
  number={2},
  pages={157--167},
  year={1955},
  publisher={Taylor \& Francis}
}

@article{gardner1963bound,
  title={Bound on the energy available from a plasma},
  author={Gardner, Clifford S},
  journal={The Physics of Fluids},
  volume={6},
  number={6},
  pages={839--840},
  year={1963},
  publisher={American Institute of Physics}
}

@article{holm1985nonlinear,
  title={Nonlinear stability of fluid and plasma equilibria},
  author={Holm, Darryl D and Marsden, Jerrold E and Ratiu, Tudor and Weinstein, Alan},
  journal={Physics reports},
  volume={123},
  number={1-2},
  pages={1--116},
  year={1985},
  publisher={Elsevier}
}

@article{helander2017available,
  title={Available energy and ground states of collisionless plasmas},
  author={Helander, Per},
  journal={Journal of Plasma Physics},
  volume={83},
  number={4},
  pages={715830401},
  year={2017},
  publisher={Cambridge University Press}
}

@article{helander2020available,
  title={Available energy of magnetically confined plasmas},
  author={Helander, Per},
  journal={Journal of Plasma Physics},
  volume={86},
  number={2},
  pages={905860201},
  year={2020},
  publisher={Cambridge University Press}
}

@article{kolmes2020recovering,
  title={Recovering Gardner restacking with purely diffusive operations},
  author={Kolmes, EJ and Fisch, NJ},
  journal={Physical Review E},
  volume={102},
  number={6},
  pages={063209},
  year={2020},
  publisher={APS}
}

@article{ewart2022collisionless,
  title={Collisionless relaxation of a Lynden-Bell plasma},
  author={Ewart, Robert J and Brown, Andrew and Adkins, Toby and Schekochihin, Alexander A},
  journal={Journal of Plasma Physics},
  volume={88},
  number={5},
  pages={925880501},
  year={2022},
  publisher={Cambridge University Press}
}

@article{miller1998noncircular,
  title={Noncircular, finite aspect ratio, local equilibrium model},
  author={Miller, RL and Chu, MS and Greene, JM and Lin-Liu, YR and Waltz, RE},
  journal={Physics of Plasmas},
  volume={5},
  number={4},
  pages={973--978},
  year={1998},
  publisher={American Institute of Physics}
}

@article{marinoni2021brief,
  title={A brief history of negative triangularity tokamak plasmas},
  author={Marinoni, A and Sauter, O and Coda, S},
  journal={Reviews of Modern Plasma Physics},
  volume={5},
  number={1},
  pages={6},
  year={2021},
  publisher={Springer}
}

@article{ye1992action,
  title={Action principles for the Vlasov equation},
  author={Ye, Huanchun and Morrison, Philip J},
  journal={Physics of Fluids B: Plasma Physics},
  volume={4},
  number={4},
  pages={771--777},
  year={1992},
  publisher={American Institute of Physics}
}

@article{drtjmmond1962non,
  title={Non-linear stability of plasma oscillations},
  author={Drummond, W.E. and Pines, D},
  year={1962}
}

@article{taylor1963some,
  title={Some stable plasma equilibria in combined mirror-cusp fields},
  author={Taylor, JB},
  journal={The Physics of Fluids},
  volume={6},
  number={11},
  pages={1529--1536},
  year={1963},
  publisher={American Institute of Physics}
}

@article{minardi1985thermodynamics,
  title={The thermodynamics of the Vlasov equilibria},
  author={Minardi, E},
  journal={Journal of plasma physics},
  volume={33},
  number={3},
  pages={359--367},
  year={1985},
  publisher={Cambridge University Press}
}

@book{brunner2004collocation,
  title={Collocation methods for Volterra integral and related functional differential equations},
  author={Brunner, Hermann},
  volume={15},
  year={2004},
  publisher={Cambridge university press}
}

@article{ewart2023non,
  title={Non-thermal particle acceleration and power-law tails via relaxation to universal Lynden-Bell equilibria},
  author={Ewart, Robert J and Nastac, Michael L and Schekochihin, Alexander A},
  journal={arXiv preprint arXiv:2304.03715},
  year={2023}
}

@article{littlejohn1983variational,
  title={Variational principles of guiding centre motion},
  author={Littlejohn, Robert G},
  journal={Journal of Plasma Physics},
  volume={29},
  number={1},
  pages={111--125},
  year={1983},
  publisher={Cambridge University Press}
}

@phdthesis{rodriguez2022quasisymmetry,
  title={Quasisymmetry},
  author={Rodriguez, Eduardo},
  year={2022},
  school={Princeton University}
}

@book{helander2005collisional,
  title={Collisional transport in magnetized plasmas},
  author={Helander, Per and Sigmar, Dieter J},
  volume={4},
  year={2005},
  publisher={Cambridge university press}
}

@article{cary2009hamiltonian,
  title={Hamiltonian theory of guiding-center motion},
  author={Cary, John R and Brizard, Alain J},
  journal={Reviews of modern physics},
  volume={81},
  number={2},
  pages={693},
  year={2009},
  publisher={APS}
}

@book{lagrange1853mecanique,
  title={M{\'e}canique analytique},
  author={Lagrange, Joseph Louis},
  volume={1},
  year={1853},
  publisher={Mallet-Bachelier}
}

@book{d2012flux,
  title={Flux coordinates and magnetic field structure: a guide to a fundamental tool of plasma theory},
  author={D'haeseleer, William D and Hitchon, William NG and Callen, James D and Shohet, J Leon},
  year={2012},
  publisher={Springer Science \& Business Media}
}

@article{helander2014theory,
  title={Theory of plasma confinement in non-axisymmetric magnetic fields},
  author={Helander, Per},
  journal={Reports on Progress in Physics},
  volume={77},
  number={8},
  pages={087001},
  year={2014},
  publisher={IOP Publishing}
}

@article{landreman2022magnetic,
  title={Magnetic fields with precise quasisymmetry for plasma confinement},
  author={Landreman, Matt and Paul, Elizabeth},
  journal={Physical Review Letters},
  volume={128},
  number={3},
  pages={035001},
  year={2022},
  publisher={APS}
}

@article{goodman2022constructing,
  title={Constructing precisely quasi-isodynamic magnetic fields},
  author={Goodman, Alan and Mata, Katia Camacho and Henneberg, Sophia A and Jorge, Rogerio and Landreman, Matt and Plunk, Gabriel and Smith, Hakan and Mackenbach, Ralf and Helander, Per},
  journal={arXiv preprint arXiv:2211.09829},
  year={2022}
}

@article{boozer1983transport,
  title={Transport and isomorphic equilibria},
  author={Boozer, Allen H},
  journal={The Physics of Fluids},
  volume={26},
  number={2},
  pages={496--499},
  year={1983},
  publisher={American Institute of Physics}
}

@article{nuhrenberg2010development,
  title={Development of quasi-isodynamic stellarators},
  author={N{\"u}hrenberg, J{\"u}rgen},
  journal={Plasma Physics and Controlled Fusion},
  volume={52},
  number={12},
  pages={124003},
  year={2010},
  publisher={IOP Publishing}
}

@article{catto1981omnigenous,
  title={Omnigenous equilibria},
  author={Catto, PJ and Hazeltine, RD},
  journal={The Physics of Fluids},
  volume={24},
  number={9},
  pages={1663--1675},
  year={1981},
  publisher={American Institute of Physics}
}

@article{landreman2012omnigenity,
  title={Omnigenity as generalized quasisymmetry},
  author={Landreman, Matt and Catto, Peter J},
  journal={Physics of Plasmas},
  volume={19},
  number={5},
  year={2012},
  publisher={AIP Publishing}
}

@article{rodriguez2020necessary,
  title={Necessary and sufficient conditions for quasisymmetry},
  author={Rodriguez, Eduardo and Helander, Per and Bhattacharjee, Amitava},
  journal={Physics of Plasmas},
  volume={27},
  number={6},
  year={2020},
  publisher={AIP Publishing}
}

@article{proll2012resilience,
  title={Resilience of quasi-isodynamic stellarators against trapped-particle instabilities},
  author={Proll, Josefine Henriette Elise and Helander, Per and Connor, John William and Plunk, GG},
  journal={Physical Review Letters},
  volume={108},
  number={24},
  pages={245002},
  year={2012},
  publisher={APS}
}

@article{helander2013collisionless,
  title={Collisionless microinstabilities in stellarators. I. Analytical theory of trapped-particle modes},
  author={Helander, Per and Proll, Josefine Henriette Elise and Plunk, Gabriel Galad},
  journal={Physics of Plasmas},
  volume={20},
  number={12},
  year={2013},
  publisher={AIP Publishing}
}

@article{rosenbluth1971finite,
  title={Finite-$\beta$ Stabilization of the Collisionless Trapped Particle Instability},
  author={Rosenbluth, M and Sloan, ML},
  journal={The Physics of Fluids},
  volume={14},
  number={8},
  pages={1725--1741},
  year={1971},
  publisher={American Institute of Physics}
}

@article{proll2014trapped,
  title={Trapped-particle instabilities in quasi-isodynamic stellarators},
  author={Proll, Josefine Henriette Elise},
  year={2014},
  publisher={Max-Planck-Institut f{\"u}r Plasmaphysik}
}

@article{plunk2014collisionless,
  title={Collisionless microinstabilities in stellarators. III. The ion-temperature-gradient mode},
  author={Plunk, GG and Helander, P and Xanthopoulos, P and Connor, JW},
  journal={Physics of Plasmas},
  volume={21},
  number={3},
  year={2014},
  publisher={AIP Publishing}
}

@article{lee1987collisionless,
  title={Collisionless electron temperature gradient instability},
  author={Lee, YC and Dong, JQ and Guzdar, PN and Liu, CS},
  journal={The Physics of fluids},
  volume={30},
  number={5},
  pages={1331--1339},
  year={1987},
  publisher={American Institute of Physics}
}

@article{de2012guiding,
  title={Guiding center motion},
  author={de Blank, Hugo J},
  journal={Fusion Science and Technology},
  volume={61},
  number={2T},
  pages={61--68},
  year={2012},
  publisher={Taylor \& Francis}
}

@article{lewowski2002period,
  title={The period of a pendulum at large amplitudes: a laboratory experiment},
  author={Lewowski, Tadeusz and Wozniak, Kazimierz},
  journal={European journal of physics},
  volume={23},
  number={5},
  pages={461},
  year={2002},
  publisher={IOP Publishing}
}

@article{beidler2011benchmarking,
  title={Benchmarking of the mono-energetic transport coefficients—results from the international collaboration on neoclassical transport in stellarators (ICNTS)},
  author={Beidler, CD and Allmaier, K and Isaev, M Yu and Kasilov, SV and Kernbichler, W and Leitold, GO and Maa{\ss}berg, H and Mikkelsen, DR and Murakami, S and Schmidt, M and others},
  journal={Nuclear Fusion},
  volume={51},
  number={7},
  pages={076001},
  year={2011},
  publisher={IOP Publishing}
}

@article{galeev1979reviews,
  title={Reviews of Plasma Physics},
  author={Galeev, AA and Sagdeev, RZ and Leontovich, MA},
  journal={Consultants Bureau, New York},
  volume={7},
  year={1979}
}

@article{kovrizhnykh1984energy,
  title={The energy confinement time in stellarators},
  author={Kovrizhnykh, LM},
  journal={Nuclear fusion},
  volume={24},
  number={4},
  pages={435},
  year={1984},
  publisher={IOP Publishing}
}

@article{mynick2006transport,
  title={Transport optimization in stellarators},
  author={Mynick, HE},
  journal={Physics of plasmas},
  volume={13},
  number={5},
  year={2006},
  publisher={AIP Publishing}
}

@article{mendoncca201037th,
  title={37th European Physical Society Conference on Plasma Physics},
  author={Mendon{\c{c}}a, Tito and Hidalgo, Carlos},
  journal={Plasma Physics and Controlled Fusion},
  volume={52},
  number={12},
  pages={120301},
  year={2010},
  publisher={IOP Publishing}
}

@article{paul2022energetic,
  title={Energetic particle loss mechanisms in reactor-scale equilibria close to quasisymmetry},
  author={Paul, EJ and Bhattacharjee, A and Landreman, M and Alex, D and Velasco, JL and Nies, R},
  journal={Nuclear Fusion},
  volume={62},
  number={12},
  pages={126054},
  year={2022},
  publisher={IOP Publishing}
}

@article{beidler2021demonstration,
  title={Demonstration of reduced neoclassical energy transport in Wendelstein 7-X},
  author={Beidler, CD and Smith, HM and Alonso, A and Andreeva, T and Baldzuhn, J and Beurskens, MNA and Borchardt, Matthias and Bozhenkov, SA and Brunner, Kai Jakob and Damm, Hannes and others},
  journal={Nature},
  volume={596},
  number={7871},
  pages={221--226},
  year={2021},
  publisher={Nature Publishing Group UK London}
}

@article{roach1995trapped,
  title={Trapped particle precession in advanced tokamaks},
  author={Roach, CM and Connor, JW and Janjua, S},
  journal={Plasma physics and controlled fusion},
  volume={37},
  number={6},
  pages={679},
  year={1995},
  publisher={IOP Publishing}
}

@article{albert2020accelerated,
  title={Accelerated methods for direct computation of fusion alpha particle losses within, stellarator optimization},
  author={Albert, Christopher G and Kasilov, Sergei V and Kernbichler, Winfried},
  journal={Journal of Plasma Physics},
  volume={86},
  number={2},
  pages={815860201},
  year={2020},
  publisher={Cambridge University Press}
}

@article{proll2015tem,
  title={TEM turbulence optimisation in stellarators},
  author={Proll, JHE and Mynick, HE and Xanthopoulos, P and Lazerson, SA and Faber, BJ},
  journal={Plasma Physics and Controlled Fusion},
  volume={58},
  number={1},
  pages={014006},
  year={2015},
  publisher={IOP Publishing}
}

@article{white1984hamiltonian,
  title={Hamiltonian guiding center drift orbit calculation for plasmas of arbitrary cross section},
  author={White, RB t and Chance, MS},
  journal={The Physics of fluids},
  volume={27},
  number={10},
  pages={2455--2467},
  year={1984},
  publisher={American Institute of Physics}
}

@article{gan2021self,
  title={A self-consistent local equilibrium model and its application to calculation of the trapped electron precession},
  author={Gan, Chenxiao and Zhou, Deng},
  journal={Physica Scripta},
  volume={96},
  number={10},
  pages={105603},
  year={2021},
  publisher={IOP Publishing}
}

@article{hegna2015effect,
  title={The effect of three-dimensional fields on bounce averaged particle drifts in a tokamak},
  author={Hegna, CC},
  journal={Physics of Plasmas},
  volume={22},
  number={7},
  pages={072510},
  year={2015},
  publisher={AIP Publishing LLC}
}

@article{connor1983effect,
  title={Effect of pressure gradients on the bounce-averaged particle drifts in a tokamak},
  author={Connor, JW and Hastie, RJ and Martin, TJ},
  journal={Nuclear fusion},
  volume={23},
  number={12},
  pages={1702},
  year={1983},
  publisher={IOP Publishing}
}

@article{villard2002radial,
  title={Radial electric fields and global electrostatic microinstabilities in tokamaks and stellarators},
  author={Villard, Laurent and Bottino, A and Sauter, O and Vaclavik, J},
  journal={Physics of Plasmas},
  volume={9},
  number={6},
  pages={2684--2691},
  year={2002},
  publisher={American Institute of Physics}
}

@article{guttenfelder2008effect,
  title={Effect of quasihelical symmetry on trapped-electron mode transport in the hsx stellarator},
  author={Guttenfelder, W and Lore, J and Anderson, DT and Anderson, FSB and Canik, JM and Dorland, W and Likin, KM and Talmadge, JN},
  journal={Physical review letters},
  volume={101},
  number={21},
  pages={215002},
  year={2008},
  publisher={APS}
}

@article{zarnstorff2001physics,
  title={Physics of the compact advanced stellarator NCSX},
  author={Zarnstorff, MC and Berry, LA and Brooks, A and Fredrickson, E and Fu, GY and Hirshman, S and Hudson, S and Ku, LP and Lazarus, E and Mikkelsen, D and others},
  journal={Plasma Physics and Controlled Fusion},
  volume={43},
  number={12A},
  pages={A237},
  year={2001},
  publisher={IOP Publishing}
}

@article{xanthopoulos2009geometry,
  title={A geometry interface for gyrokinetic microturbulence investigations in toroidal configurations},
  author={Xanthopoulos, Pavlos and Cooper, W Anthony and Jenko, Frank and Turkin, Yu and Runov, Alexey and Geiger, Joachim},
  journal={Physics of Plasmas},
  volume={16},
  number={8},
  pages={082303},
  year={2009},
  publisher={American Institute of Physics}
}

@article{dorland2000electron,
  title={Electron temperature gradient turbulence},
  author={Dorland, W and Jenko, F and Kotschenreuther, Mike and Rogers, BN},
  journal={Physical Review Letters},
  volume={85},
  number={26},
  pages={5579},
  year={2000},
  publisher={APS}
}

@article{jenko2001critical,
  title={Critical gradient formula for toroidal electron temperature gradient modes},
  author={Jenko, F and Dorland, W and Hammett, GW},
  journal={Physics of Plasmas},
  volume={8},
  number={9},
  pages={4096--4104},
  year={2001},
  publisher={American Institute of Physics}
}

@article{landreman2021simsopt,
  title={SIMSOPT: A flexible framework for stellarator optimization},
  author={Landreman, Matt and Medasani, Bharat and Wechsung, Florian and Giuliani, Andrew and Jorge, Rogerio and Zhu, Caoxiang},
  journal={Journal of Open Source Software},
  volume={6},
  number={65},
  pages={3525},
  year={2021}
}

@article{ida1998experimental,
  title={Experimental studies of the physical mechanism determining the radial electric field and its radial structure in a toroidal plasma},
  author={Ida, Katsumi},
  journal={Plasma Physics and Controlled Fusion},
  volume={40},
  number={8},
  pages={1429},
  year={1998},
  publisher={IOP Publishing}
}

@article{shats1999effect,
  title={Effect of the radial electric field on the fluctuation-produced transport in the H-1 heliac},
  author={Shats, MG},
  journal={Plasma physics and controlled fusion},
  volume={41},
  number={11},
  pages={1357},
  year={1999},
  publisher={IOP Publishing}
}

@article{estrada2021radial,
  title={Radial electric field and density fluctuations measured by Doppler reflectometry during the post-pellet enhanced confinement phase in W7-X},
  author={Estrada, Teresa and Carralero, D and Windisch, T and S{\'a}nchez, E and Garc{\'\i}a-Rega{\~n}a, JM and Mart{\'\i}nez-Fern{\'a}ndez, J and de la Pe{\~n}a, A and Velasco, JL and Alonso, JA and Beurskens, M and others},
  journal={Nuclear Fusion},
  volume={61},
  number={4},
  pages={046008},
  year={2021},
  publisher={IOP Publishing}
}

@article{pablant2018core,
  title={Core radial electric field and transport in Wendelstein 7-X plasmas},
  author={Pablant, NA and Langenberg, A and Alonso, A and Beidler, CD and Bitter, M and Bozhenkov, S and Burhenn, R and Beurskens, M and Delgado-Aparicio, L and Dinklage, A and others},
  journal={Physics of Plasmas},
  volume={25},
  number={2},
  pages={022508},
  year={2018},
  publisher={AIP Publishing LLC}
}

@article{ida2004characteristics,
  title={Characteristics of transport in electron internal transport barriers and in the vicinity of rational surfaces in the Large Helical Device},
  author={Ida, Katsumi and Inagaki, S and Shimozuma, T and Tamura, N and Funaba, H and Narihara, K and Kubo, S and Murakami, S and Wakasa, A and Yokoyama, M and others},
  journal={Physics of Plasmas},
  volume={11},
  number={5},
  pages={2551--2557},
  year={2004},
  publisher={American Institute of Physics}
}

@article{yokoyama2010role,
  title={Role of neoclassical transport and radial electric field in LHD plasmas},
  author={Yokoyama, M and Wakasa, A and Murakami, S and Watanabe, KY and Satake, S and Nishimura, S and Sugama, H and Nakajima, N and Funaba, H and Nakamura, Y},
  journal={Fusion Science and Technology},
  volume={58},
  number={1},
  pages={269--276},
  year={2010},
  publisher={Taylor \& Francis}
}

@article{ida2010ion,
  title={Ion internal transport barrier in the large helical device},
  author={Ida, K and Yoshinuma, M and Nagaoka, K and Osakabe, M and Morita, S and Goto, M and Funaba, H and Yokoyama, M and Ikeda, K and Nakano, H and others},
  journal={Contributions to Plasma Physics},
  volume={50},
  number={6-7},
  pages={558--561},
  year={2010},
  publisher={Wiley Online Library}
}

@article{hastings1985ambipolar,
  title={The ambipolar electric field in stellarators},
  author={Hastings, DE and Houlberg, WA and Shaing, Ker-Chung},
  journal={Nuclear Fusion},
  volume={25},
  number={4},
  pages={445},
  year={1985},
  publisher={IOP Publishing}
}

@article{gander2000adaptive,
  title={Adaptive quadrature—revisited},
  author={Gander, Walter and Gautschi, Walter},
  journal={BIT Numerical Mathematics},
  volume={40},
  pages={84--101},
  year={2000},
  publisher={Springer}
}

@article{gonnet2012review,
  title={A review of error estimation in adaptive quadrature},
  author={Gonnet, Pedro},
  journal={ACM Computing Surveys (CSUR)},
  volume={44},
  number={4},
  pages={1--36},
  year={2012},
  publisher={ACM New York, NY, USA}
}

@article{calvetti2000computation,
  title={Computation of Gauss-Kronrod quadrature rules},
  author={Calvetti, Daniela and Golub, G and Gragg, W and Reichel, Lothar},
  journal={Mathematics of computation},
  volume={69},
  number={231},
  pages={1035--1052},
  year={2000}
}

@article{kronrod1965nodes,
  title={Nodes and Weights of Quadrature Formulas—Authorized Translation from the Russian},
  author={Kronrod, AS},
  journal={Consultants Bureau, New York},
  volume={220},
  year={1965}
}

@article{fritsch1984method,
  title={A method for constructing local monotone piecewise cubic interpolants},
  author={Fritsch, Frederick N and Butland, Judy},
  journal={SIAM journal on scientific and statistical computing},
  volume={5},
  number={2},
  pages={300--304},
  year={1984},
  publisher={SIAM}
}

@misc{JDuff_NE3DLE,
  title = {{NE3DLE} Code},
  author={J.M. Duff},
  howpublished = {\url{https://gitlab.com/jduff2/NE3DLE}},
  note = {Accessed: 2023-02-17}
}

@article{hegna2000local,
  title={Local three-dimensional magnetostatic equilibria},
  author={Hegna, CC},
  journal={Physics of Plasmas},
  volume={7},
  number={10},
  pages={3921--3928},
  year={2000},
  publisher={American Institute of Physics}
}

@article{stephens2021quasilinear,
  title={Quasilinear gyrokinetic theory: a derivation of QuaLiKiz},
  author={Stephens, Cole Darin and Garbet, Xavier and Citrin, Jonathan and Bourdelle, Clarisse and van de Plassche, K Lucas and Jenko, Frank},
  journal={Journal of Plasma Physics},
  volume={87},
  number={4},
  pages={905870409},
  year={2021},
  publisher={Cambridge University Press}
}

@article{antonsen1980kinetic,
  title={Kinetic equations for low frequency instabilities in inhomogeneous plasmas},
  author={Antonsen Jr, Thomas M and Lane, Barton},
  journal={The Physics of Fluids},
  volume={23},
  number={6},
  pages={1205--1214},
  year={1980},
  publisher={American Institute of Physics}
}

@article{catto1981generalized,
  title={Generalized gyrokinetics},
  author={Catto, PJ and Tang, WM and Baldwin, DE},
  journal={Plasma Physics},
  volume={23},
  number={7},
  pages={639},
  year={1981},
  publisher={IOP Publishing}
}

@misc{BAD_code,
  title = {{BAD} Code},
  author={Mackenbach, R.J.J. and Duff, J.M. and Gerard, M.J.},
  howpublished = {\url{https://github.com/RalfMackenbach/BAD}},
  note = {Accessed: 2023-04-11}
}

@article{mackenbach2022available,
  title={Available energy of trapped electrons and its relation to turbulent transport},
  author={Mackenbach, RJJ and Proll, Josefine HE and Helander, P},
  journal={Physical Review Letters},
  volume={128},
  number={17},
  pages={175001},
  year={2022},
  publisher={APS}
}

@article{oka2022space,
  title={Space--time arithmetic quasi-periodic homogenization for damped wave equations},
  author={Oka, Tomoyuki},
  journal={Results in Applied Mathematics},
  volume={15},
  pages={100310},
  year={2022},
  publisher={Elsevier}
}

@book{corduneanu2009almost,
  title={Almost periodic oscillations and waves},
  author={Corduneanu, Constantin},
  year={2009},
  publisher={Springer Science \& Business Media}
}

@article{takahasi1974double,
  title={Double exponential formulas for numerical integration},
  author={Takahasi, Hidetosi and Mori, Masatake},
  journal={Publications of the Research Institute for Mathematical Sciences},
  volume={9},
  number={3},
  pages={721--741},
  year={1974},
  publisher={Research Institute forMathematical Sciences}
}

@article{boozer1981plasma,
  title={Plasma equilibrium with rational magnetic surfaces},
  author={Boozer, Allen H},
  journal={The Physics of Fluids},
  volume={24},
  number={11},
  pages={1999--2003},
  year={1981},
  publisher={American Institute of Physics}
}

@article{rosenbluth1968,
author = {Rosenbluth,Marshall N. },
title = {Low‐Frequency Limit of Interchange Instability},
journal = {The Physics of Fluids},
volume = {11},
number = {4},
pages = {869-872},
year = {1968},
doi = {10.1063/1.1692009},
URL = {https://aip.scitation.org/doi/abs/10.1063/1.1692009},
eprint = {https://aip.scitation.org/doi/pdf/10.1063/1.1692009}}

@article{xanthopoulos2016,
  title = {Intrinsic Turbulence Stabilization in a Stellarator},
  author = {Xanthopoulos, P. and Plunk, G. G. and Zocco, A. and Helander, P.},
  journal = {Phys. Rev. X},
  volume = {6},
  issue = {2},
  pages = {021033},
  numpages = {5},
  year = {2016},
  month = {Jun},
  publisher = {American Physical Society},
  doi = {10.1103/PhysRevX.6.021033},
  url = {https://link.aps.org/doi/10.1103/PhysRevX.6.021033}
}

@article{marinoni2009effect,
  title={The effect of plasma triangularity on turbulent transport: modeling TCV experiments by linear and non-linear gyrokinetic simulations},
  author={Marinoni, A and Brunner, S and Camenen, Y and Coda, S and Graves, JP and Lapillonne, X and Pochelon, A and Sauter, O and Villard, L},
  journal={Plasma Physics and Controlled Fusion},
  volume={51},
  number={5},
  pages={055016},
  year={2009},
  publisher={IOP Publishing}
}

@article{velasco2020knosos,
  title={KNOSOS: a fast orbit-averaging neoclassical code for stellarator geometry},
  author={Velasco, Jose Luis and Calvo, I and Parra, Felix I and Garc{\'\i}a-Rega{\~n}a, JM},
  journal={Journal of Computational Physics},
  volume={418},
  pages={109512},
  year={2020},
  publisher={Elsevier}
}

@article{Gerard_2023,
doi = {10.1088/1741-4326/acc1f6},
url = {https://dx.doi.org/10.1088/1741-4326/acc1f6},
year = {2023},
month = {mar},
publisher = {IOP Publishing},
volume = {63},
number = {5},
pages = {056004},
author = {Gerard, Michael Jeffrey and Geiger, B and Pueschel, M J and Bader, A and Hegna, C C and Faber, B J and Terry, P W and Kumar, S T A and Schmitt, J C},
title = {Optimizing the HSX stellarator for microinstability by coil-current adjustments},
journal = {Nucl.~Fusion}
}

@book{kress1998numerical,
  title={Numerical analysis},
  author={Kress, Raimer},
  volume={181},
  year={1998},
  pages = "198--200",
  publisher={Springer Science \& Business Media}
}

@book{press2007numerical,
  title={Numerical recipes 3rd edition: The art of scientific computing},
  author={Press, William H},
  year={2007},
  pages = "167--172",
  publisher={Cambridge university press}
}

@book{brent2013algorithms,
  title={Algorithms for minimization without derivatives},
  author={Brent, Richard P},
  year={2013},
  publisher={Courier Corporation}
}

@article{helander2015universal,
  title={The universal instability in general geometry},
  author={Helander, P and Plunk, GG},
  journal={Physics of Plasmas},
  volume={22},
  number={9},
  year={2015},
  publisher={AIP Publishing}
}

@article{dorland2000electron,
  title={Electron temperature gradient turbulence},
  author={Dorland, W and Jenko, F and Kotschenreuther, Mike and Rogers, BN},
  journal={Physical Review Letters},
  volume={85},
  number={26},
  pages={5579},
  year={2000},
  publisher={APS}
}

@article{landreman2015universal,
  title={Universal instability for wavelengths below the ion Larmor scale},
  author={Landreman, Matt and Antonsen Jr, Thomas M and Dorland, William},
  journal={Physical review letters},
  volume={114},
  number={9},
  pages={095003},
  year={2015},
  publisher={APS}
}

@inproceedings{costello2022universal,
  title={The universal instability in optimised stellarators},
  author={Costello, P and Proll, JHE and Plunk, GG and Pueschel, MJ},
  booktitle={48th EPS Conference on Plasma Physics},
  year={2022},
  organization={European Physical Society}
}

@article{hardman2022extended,
  title={Extended electron tails in electrostatic microinstabilities and the nonadiabatic response of passing electrons},
  author={Hardman, MR and Parra, FI and Chong, C and Adkins, T and Anastopoulos-Tzanis, MS and Barnes, M and Dickinson, David and Parisi, JF and Wilson, H},
  journal={Plasma Physics and Controlled Fusion},
  volume={64},
  number={5},
  pages={055004},
  year={2022},
  publisher={IOP Publishing}
}

@article{rodriguez2023magnetohydrodynamic,
  title={Magnetohydrodynamic stability and the effects of shaping: a near-axis view for tokamaks and quasisymmetric stellarators},
  author={Rodr{\'\i}guez, Eduardo},
  journal={Journal of Plasma Physics},
  volume={89},
  number={2},
  pages={905890211},
  year={2023},
  publisher={Cambridge University Press}
}

@article{greene1997brief,
  title={A brief review of magnetic wells},
  author={Greene, John M},
  journal={Comments on Plasma Physics and Controlled Fusion},
  volume={17},
  pages={389--402},
  year={1997},
  publisher={Citeseer}
}

@article{landreman2020magnetic,
  title={Magnetic well and Mercier stability of stellarators near the magnetic axis},
  author={Landreman, Matt and Jorge, Rogerio},
  journal={Journal of Plasma Physics},
  volume={86},
  number={5},
  pages={905860510},
  year={2020},
  publisher={Cambridge University Press}
}

@article{earnshaw1848nature,
  title={On the nature of the molecular forces which regulate the constitution of the luminiferous ether},
  author={Earnshaw, Samuel},
  journal={Transactions of the Cambridge Philosophical Society},
  volume={7},
  pages={97},
  year={1848}
}

@article{fujita1997internal,
  title={Internal transport barrier for electrons in JT-60U reversed shear discharges},
  author={Fujita, Takaaki and Ide, S and Shirai, H and Kikuchi, M and Naito, O and Koide, Y and Takeji, S and Kubo, H and Ishida, S},
  journal={Physical review letters},
  volume={78},
  number={12},
  pages={2377},
  year={1997},
  publisher={APS}
}

@inproceedings{turri2008role,
  title={The role of MHD in the sustainment of electron internal transport barriers and H-mode in TCV},
  author={Turri, G and Sauter, O and Porte, L and Alberti, S and Asp, E and Goodman, TP and Martin, YR and Udintsev, VS and Zucca, C},
  booktitle={Journal of Physics: Conference Series},
  volume={123},
  number={1},
  pages={012038},
  year={2008},
  organization={IOP Publishing}
}

@article{ida2003characteristics,
  title={Characteristics of electron heat transport of plasma with an electron internal-transport barrier in the large helical device},
  author={Ida, K and Shimozuma, T and Funaba, H and Narihara, K and Kubo, S and Murakami, S and Wakasa, A and Yokoyama, M and Takeiri, Y and Watanabe, KY and others},
  journal={Physical review letters},
  volume={91},
  number={8},
  pages={085003},
  year={2003},
  publisher={APS}
}

@article{ida2018internal,
  title={Internal transport barrier in tokamak and helical plasmas},
  author={Ida, Katsumi and Fujita, Takaaki},
  journal={Plasma Physics and Controlled Fusion},
  volume={60},
  number={3},
  pages={033001},
  year={2018},
  publisher={IOP Publishing}
}

@article{helander2022energetic,
  title={Energetic bounds on gyrokinetic instabilities. Part 1. Fundamentals},
  author={Helander, P and Plunk, GG},
  journal={Journal of Plasma Physics},
  volume={88},
  number={2},
  pages={905880207},
  year={2022},
  publisher={Cambridge University Press}
}

@article{plunk2022energetic,
  title={Energetic bounds on gyrokinetic instabilities. Part 2. Modes of optimal growth},
  author={Plunk, GG and Helander, Per},
  journal={Journal of Plasma Physics},
  volume={88},
  number={3},
  pages={905880313},
  year={2022},
  publisher={Cambridge University Press}
}

@article{plunk2023energetic,
  title={Energetic bounds on gyrokinetic instabilities. Part III. Generalized free energy},
  author={Plunk, GG and Helander, P},
  journal={arXiv preprint arXiv:2301.00988},
  year={2023}
}

@misc{loglogquote,
  author = {Herbert Kroemer},
  title = {{Biography}},
  howpublished = "\url{https://www.nobelprize.org/prizes/physics/2000/kroemer/facts/}",
  year = {2023}, 
  note = "[Online; accessed 3-August-2023]"
}

@article{diamond2005zonal,
  title={Zonal flows in plasma—a review},
  author={Diamond, Patrick H and Itoh, SI and Itoh, K and Hahm, TS},
  journal={Plasma Physics and Controlled Fusion},
  volume={47},
  number={5},
  pages={R35},
  year={2005},
  publisher={IOP Publishing}
}

@article{pueschel2016stellarator,
  title={Stellarator turbulence: subdominant eigenmodes and quasilinear modeling},
  author={Pueschel, MJ and Faber, BJ and Citrin, J and Hegna, CC and Terry, PW and Hatch, DR},
  journal={Physical review letters},
  volume={116},
  number={8},
  pages={085001},
  year={2016},
  publisher={APS}
}

@article{faber2018stellarator,
  title={Stellarator microinstabilities and turbulence at low magnetic shear},
  author={Faber, BJ and Pueschel, MJ and Terry, PW and Hegna, CC and Roman, Jose E},
  journal={Journal of Plasma Physics},
  volume={84},
  number={5},
  pages={905840503},
  year={2018},
  publisher={Cambridge University Press}
}

@article{hegna2018theory,
  title={Theory of ITG turbulent saturation in stellarators: identifying mechanisms to reduce turbulent transport},
  author={Hegna, Chris C and Terry, Paul W and Faber, Ben J},
  journal={Physics of Plasmas},
  volume={25},
  number={2},
  year={2018},
  publisher={AIP Publishing}
}

@article{mckinney2019comparison,
  title={A comparison of turbulent transport in a quasi-helical and a quasi-axisymmetric stellarator},
  author={McKinney, IJ and Pueschel, MJ and Faber, BJ and Hegna, CC and Talmadge, JN and Anderson, DT and Mynick, HE and Xanthopoulos, P},
  journal={Journal of Plasma Physics},
  volume={85},
  number={5},
  pages={905850503},
  year={2019},
  publisher={Cambridge University Press}
}

@book{barnes2009trinity,
  title={Trinity: A unified treatment of turbulence, transport, and heating in magnetized plasmas},
  author={Barnes, Michael Alexander},
  year={2009},
  publisher={University of Maryland, College Park}
}

@article{barnes2010direct,
  title={Direct multiscale coupling of a transport code to gyrokinetic turbulence codes},
  author={Barnes, M and Abel, IG and Dorland, W and G{\"o}rler, T and Hammett, GW and Jenko, F},
  journal={Physics of Plasmas},
  volume={17},
  number={5},
  year={2010},
  publisher={AIP Publishing}
}

@inproceedings{highcock2014trinity,
  title={Trinity Multiscale Transport Code Development for Experimental Comparison},
  author={Highcock, E and Barnes, M and Colyer, G and Citrin, J and Dickinson, D and Mandel, N and Van Wyk, F and Roach, C and Schekochihin, A and Dorland, W},
  booktitle={APS Division of Plasma Physics Meeting Abstracts},
  volume={2014},
  pages={GP8--053},
  year={2014}
}

@article{highcock2018optimisation,
  title={Optimisation of confinement in a fusion reactor using a nonlinear turbulence model},
  author={Highcock, EG and Mandell, NR and Barnes, M and Dorland, W},
  journal={Journal of Plasma Physics},
  volume={84},
  number={2},
  pages={905840208},
  year={2018},
  publisher={Cambridge University Press}
}

@article{lemou2008orbital,
  title={The orbital stability of the ground states and the singularity formation for the gravitational Vlasov Poisson system},
  author={Lemou, Mohammed and M{\'e}hats, Florian and Raphael, Pierre},
  journal={Archive for rational mechanics and analysis},
  volume={189},
  number={3},
  pages={425--468},
  year={2008},
  publisher={Springer}
}

@article{mocz2018schrodinger,
  title={Schr{\"o}dinger-Poisson--Vlasov-Poisson correspondence},
  author={Mocz, Philip and Lancaster, Lachlan and Fialkov, Anastasia and Becerra, Fernando and Chavanis, Pierre-Henri},
  journal={Physical Review D},
  volume={97},
  number={8},
  pages={083519},
  year={2018},
  publisher={APS}
}

@article{kolmes2020available,
  title={Available energy from diffusive and reversible phase space rearrangements},
  author={Kolmes, EJ and Helander, P and Fisch, NJ},
  journal={Physics of Plasmas},
  volume={27},
  number={6},
  year={2020},
  publisher={AIP Publishing}
}

@article{kolmes2022minimum,
  title={Minimum stabilizing energy release for mixing processes},
  author={Kolmes, EJ and Fisch, NJ},
  journal={Physical Review E},
  volume={106},
  number={5},
  pages={055209},
  year={2022},
  publisher={APS}
}

@book{livingston1993knot,
  title={Knot theory},
  author={Livingston, Charles},
  volume={24},
  year={1993},
  publisher={Cambridge University Press}
}

@article{smiet2017knots,
  title={Knots in plasma},
  author={Smiet, Christopher Berg and others},
  journal={Casimir PhD series Leiden Delft (cited on pp. 10, 59)},
  year={2017}
}

@article{azizov2012tokamaks,
  title={Tokamaks: from A D Sakharov to the present (the 60-year history of tokamaks)},
  author={Azizov, Englen A},
  journal={Physics-Uspekhi},
  volume={55},
  number={2},
  pages={190},
  year={2012},
  publisher={IOP Publishing}
}

@article{comisso2021magnetic,
  title={Magnetic reconnection as a mechanism for energy extraction from rotating black holes},
  author={Comisso, Luca and Asenjo, Felipe A},
  journal={Physical Review D},
  volume={103},
  number={2},
  pages={023014},
  year={2021},
  publisher={APS}
}

@article{tursunov2019fifty,
  title={Fifty years of energy extraction from rotating black hole: revisiting magnetic Penrose process},
  author={Tursunov, Arman and Dadhich, Naresh},
  journal={Universe},
  volume={5},
  number={5},
  pages={125},
  year={2019},
  publisher={MDPI}
}

@article{opatrny2012black,
  title={Black hole heat engine},
  author={Opatrn{\`y}, Tom{\'a}{\v{s}} and Richterek, Luk{\'a}{\v{s}}},
  journal={American Journal of Physics},
  volume={80},
  number={1},
  pages={66--71},
  year={2012},
  publisher={American Association of Physics Teachers}
}

@article{spitzer1958stellarator,
  title={The stellarator concept},
  author={Spitzer Jr, Lyman},
  journal={The Physics of Fluids},
  volume={1},
  number={4},
  pages={253--264},
  year={1958},
  publisher={American Institute of Physics}
}

@article{sunn2017key,
  title={Key results from the first plasma operation phase and outlook for future performance in Wendelstein 7-X},
  author={Sunn Pedersen, Thomas and Dinklage, Andreas and Turkin, Yuriy and Wolf, Robert and Bozhenkov, Sergey and Geiger, Joachim and Fuchert, Golo and Bosch, Hans-Stephan and Rahbarnia, Kian and Thomsen, Henning and others},
  journal={Physics of Plasmas},
  volume={24},
  number={5},
  year={2017},
  publisher={AIP Publishing}
}

@article{sudo1990scalings,
  title={Scalings of energy confinement and density limit in stellarator/heliotron devices},
  author={Sudo, S and Takeiri, Y and Zushi, H and Sano, F and Itoh, K and Kondo, K and Iiyoshi, A},
  journal={Nuclear Fusion},
  volume={30},
  number={1},
  pages={11},
  year={1990},
  publisher={IOP Publishing}
}

@article{stroth1996energy,
  title={Energy confinement scaling from the international stellarator database},
  author={Stroth, U and Murakami, M and Dory, RA and Yamada, H and Okamura, S and Sano, F and Obiki, T},
  journal={Nuclear Fusion},
  volume={36},
  number={8},
  pages={1063},
  year={1996},
  publisher={IOP Publishing}
}

@article{boozer2005physics,
  title={Physics of magnetically confined plasmas},
  author={Boozer, Allen H},
  journal={Reviews of modern physics},
  volume={76},
  number={4},
  pages={1071},
  year={2005},
  publisher={APS}
}

@article{beidler1990physics,
  title={Physics and engineering design for Wendelstein VII-X},
  author={Beidler, Craig and Grieger, G{\"u}nter and Herrnegger, Franz and Harmeyer, Ewald and Kisslinger, Johann and Lotz, Wolf and Maassberg, Henning and Merkel, Peter and N{\"u}hrenberg, J{\"u}rgen and Rau, Fritz and others},
  journal={Fusion Technology},
  volume={17},
  number={1},
  pages={148--168},
  year={1990},
  publisher={Taylor \& Francis}
}

@article{grieger1992physics,
  title={Physics optimization of stellarators},
  author={Grieger, G and Lotz, W and Merkel, P and N{\"u}hrenberg, J and Sapper, J and Strumberger, E and Wobig, H and Burhenn, R and Erckmann, V and Gasparino, U and others},
  journal={Physics of Fluids B: Plasma Physics},
  volume={4},
  number={7},
  pages={2081--2091},
  year={1992},
  publisher={American Institute of Physics}
}

@article{grieger1992modular,
  title={Modular stellarator reactors and plans for Wendelstein 7-X},
  author={Grieger, G and Beidler, C and Harmeyer, E and Lotz, W and Kisslinger, J and Merkel, P and N{\"u}hrenberg, J and Rau, F and Strumberger, E and Wobig, H},
  journal={Fusion Technology},
  volume={21},
  number={3P2B},
  pages={1767--1778},
  year={1992},
  publisher={Taylor \& Francis}
}

@article{wolf2019performance,
  title={Performance of Wendelstein 7-X stellarator plasmas during the first divertor operation phase},
  author={Wolf, RC and Alonso, A and {\"A}k{\"a}slompolo, S and Baldzuhn, J and Beurskens, M and Beidler, CD and Biedermann, C and Bosch, H-S and Bozhenkov, S and Brakel, R and others},
  journal={Physics of Plasmas},
  volume={26},
  number={8},
  year={2019},
  publisher={AIP Publishing}
}

@article{nuhrenberg1995overview,
  title={Overview on Wendelstein 7-X theory},
  author={N{\"u}hrenberg, J and Lotz, W and Merkel, P and N{\"u}hrenberg, C and Schwenn, U and Strumberger, E and Hayashi, T},
  journal={Fusion Technology},
  volume={27},
  number={3T},
  pages={71--78},
  year={1995},
  publisher={Taylor \& Francis}
}

@article{wolf2017major,
  title={Major results from the first plasma campaign of the Wendelstein 7-X stellarator},
  author={Wolf, RC and Ali, Anwaar and Alonso, Arturo and Baldzuhn, J{\"u}rgen and Beidler, Craig and Beurskens, Marc and Biedermann, C and Bosch, H-S and Bozhenkov, S and Brakel, Rudolf and others},
  journal={Nuclear Fusion},
  volume={57},
  number={10},
  pages={102020},
  year={2017},
  publisher={IOP Publishing}
}

@article{dudt2020desc,
  title={DESC: A stellarator equilibrium solver},
  author={Dudt, DW and Kolemen, E},
  journal={Physics of Plasmas},
  volume={27},
  number={10},
  year={2020},
  publisher={AIP Publishing}
}

@article{dudt2023magnetic,
  title={Magnetic Fields with General Omnigenity},
  author={Dudt, Daniel W and Goodman, Alan G and Conlin, Rory and Panici, Dario and Kolemen, Egemen},
  journal={arXiv preprint arXiv:2305.08026},
  year={2023}
}

@article{drevlak2018optimisation,
  title={Optimisation of stellarator equilibria with ROSE},
  author={Drevlak, M and Beidler, CD and Geiger, J and Helander, P and Turkin, Y},
  journal={Nuclear Fusion},
  volume={59},
  number={1},
  pages={016010},
  year={2018},
  publisher={IOP Publishing}
}

@article{wagner1998stellarators,
  title={Stellarators and optimised stellarators},
  author={Wagner, F},
  journal={Fusion Technology},
  volume={33},
  number={2T},
  pages={67--83},
  year={1998},
  publisher={Taylor \& Francis}
}

@article{lion2021general,
  title={A general stellarator version of the systems code PROCESS},
  author={Lion, J and Warmer, F and Wang, H and Beidler, CD and Muldrew, SI and Wolf, RC},
  journal={Nuclear Fusion},
  volume={61},
  number={12},
  pages={126021},
  year={2021},
  publisher={IOP Publishing}
}

@article{kovari2014process,
  title={“PROCESS”: A systems code for fusion power plants—Part 1: Physics},
  author={Kovari, M and Kemp, R and Lux, H and Knight, P and Morris, J and Ward, DJ},
  journal={Fusion Engineering and Design},
  volume={89},
  number={12},
  pages={3054--3069},
  year={2014},
  publisher={Elsevier}
}

@article{kovari2016process,
  title={“PROCESS”: A systems code for fusion power plants--Part 2: Engineering},
  author={Kovari, M and Fox, F and Harrington, C and Kembleton, R and Knight, P and Lux, H and Morris, J},
  journal={Fusion Engineering and Design},
  volume={104},
  pages={9--20},
  year={2016},
  publisher={Elsevier}
}

@article{spong2001physics,
  title={Physics issues of compact drift optimized stellarators},
  author={Spong, DA and Hirshman, Steven P and Berry, LA and Lyon, JF and Fowler, RH and Strickler, DJ and Cole, MJ and Nelson, BN and Williamson, DE and Ware, AS and others},
  journal={Nuclear Fusion},
  volume={41},
  number={6},
  pages={711},
  year={2001},
  publisher={IOP Publishing}
}

@article{mcgreivy2021optimized,
  title={Optimized finite-build stellarator coils using automatic differentiation},
  author={McGreivy, Nick and Hudson, Stuart R and Zhu, Caoxiang},
  journal={Nuclear Fusion},
  volume={61},
  number={2},
  pages={026020},
  year={2021},
  publisher={IOP Publishing}
}

@article{braginskii1958transport,
  title={Transport phenomena in a completely ionized two-temperature plasma},
  author={Braginskii, SI},
  journal={Sov. Phys. JETP},
  volume={6},
  number={33},
  pages={358--369},
  year={1958}
}

@article{morel2013characterization,
  title={Characterization of predator--prey dynamics, using the evolution of free energy in plasma turbulence},
  author={Morel, Pierre and G{\"u}rcan, {\"O} D and Berionni, Vincent},
  journal={Plasma Physics and Controlled Fusion},
  volume={56},
  number={1},
  pages={015002},
  year={2013},
  publisher={IOP Publishing}
}

@article{garbet2010gyrokinetic,
  title={Gyrokinetic simulations of turbulent transport},
  author={Garbet, Xavier and Idomura, Yasuhiro and Villard, Laurent and Watanabe, TH},
  journal={Nuclear Fusion},
  volume={50},
  number={4},
  pages={043002},
  year={2010},
  publisher={IOP Publishing}
}

@article{morren2022influence,
  title={The influence of collisions on trapped-electron modes in fusion plasmas},
  author={Morren, Maikel Cornelis Leonard},
  year={2022}
}

@article{rewoldt1990toroidal,
  title={Toroidal microinstability studies of high-temperature tokamaks},
  author={Rewoldt, G and Tang, WM},
  journal={Physics of Fluids B: Plasma Physics},
  volume={2},
  number={2},
  pages={318--323},
  year={1990},
  publisher={American Institute of Physics}
}

@article{falchetto2004effect,
  title={Effect of collisional zonal-flow damping on flux-driven turbulent transport},
  author={Falchetto, GL and Ottaviani, M},
  journal={Physical review letters},
  volume={92},
  number={2},
  pages={025002},
  year={2004},
  publisher={APS}
}

@article{lin1999effects,
  title={Effects of collisional zonal flow damping on turbulent transport},
  author={Lin, Zhihong and Hahm, TS and Lee, WW and Tang, WM and Diamond, PH},
  journal={Physical review letters},
  volume={83},
  number={18},
  pages={3645},
  year={1999},
  publisher={APS}
}

@article{parra2011phase,
  title={Phase-space Lagrangian derivation of electrostatic gyrokinetics in general geometry},
  author={Parra, Felix I and Calvo, Iv{\'a}n},
  journal={Plasma Physics and Controlled Fusion},
  volume={53},
  number={4},
  pages={045001},
  year={2011},
  publisher={IOP Publishing}
}

@incollection{jenko2022gyrokinetics,
  title={Gyrokinetics},
  author={Jenko, Frank},
  booktitle={Space and Astrophysical Plasma Simulation: Methods, Algorithms, and Applications},
  pages={93--121},
  year={2022},
  publisher={Springer}
}

@article{mulholland2023enhanced,
  title={Enhanced transport at high plasma $\beta$ and sub-threshold kinetic ballooning modes in Wendelstein 7-X},
  author={Mulholland, P and Aleynikova, K and Faber, BJ and Pueschel, MJ and Proll, JHE and Hegna, CC and Terry, PW and N{\"u}hrenberg, C},
  journal={arXiv preprint arXiv:2306.03694},
  year={2023}
}

@article{kinsey2006effect,
  title={The effect of safety factor and magnetic shear on turbulent transport in nonlinear gyrokinetic simulations},
  author={Kinsey, JE and Waltz, RE and Candy, J},
  journal={Physics of plasmas},
  volume={13},
  number={2},
  year={2006},
  publisher={AIP Publishing}
}

@article{dimits2000comparisons,
  title={Comparisons and physics basis of tokamak transport models and turbulence simulations},
  author={Dimits, Andris M and Bateman, G and Beer, MA and Cohen, BI and Dorland, W and Hammett, GW and Kim, C and Kinsey, JE and Kotschenreuther, M and Kritz, AH and others},
  journal={Physics of Plasmas},
  volume={7},
  number={3},
  pages={969--983},
  year={2000},
  publisher={American Institute of Physics}
}

@article{alcuson2020suppression,
  title={Suppression of electrostatic micro-instabilities in maximum-J stellarators},
  author={Alcus{\'o}n, JA and Xanthopoulos, P and Plunk, GG and Helander, P and Wilms, F and Turkin, Y and Von Stechow, A and Grulke, O},
  journal={Plasma Physics and Controlled Fusion},
  volume={62},
  number={3},
  pages={035005},
  year={2020},
  publisher={IOP Publishing}
}

@article{volvcokas2022ultra,
  title={Ultra long turbulent eddies, magnetic topology, and the triggering of internal transport barriers in tokamaks},
  author={Vol{\v{c}}okas, Arnas and Ball, Justin and Brunner, Stephan},
  journal={Nuclear Fusion},
  volume={63},
  number={1},
  pages={014003},
  year={2022},
  publisher={IOP Publishing}
}

@article{helander2012stellarator,
  title={Stellarator and tokamak plasmas: a comparison},
  author={Helander, Per and Beidler, CD and Bird, TM and Drevlak, M and Feng, Y and Hatzky, R and Jenko, F and Kleiber, R and Proll, JHE and Turkin, Yu and others},
  journal={Plasma Physics and Controlled Fusion},
  volume={54},
  number={12},
  pages={124009},
  year={2012},
  publisher={IOP Publishing}
}

@book{sarlemijn2012physics,
  title={Physics in the Making: Essays on Developments in 20th Century Physics},
  author={Sarlemijn, Andries and Sparnaay, Marcus Johannes},
  year={2012},
  publisher={Elsevier}
}

@article{lambrecht2002casimir,
  title={The Casimir effect: a force from nothing},
  author={Lambrecht, Astrid},
  journal={Physics world},
  volume={15},
  number={9},
  pages={29},
  year={2002},
  publisher={IOP Publishing}
}

@article{rofe2015david,
  title={David Overcomes Goliath (1 Samuel 17): Genre, Text, Origin and Message of the Story},
  author={Rof{\'e}, Alexander},
  journal={Hen},
  volume={37},
  pages={66--100},
  year={2015}
}

@article{ganteaume2013review,
  title={A review of the main driving factors of forest fire ignition over Europe},
  author={Ganteaume, Anne and Camia, Andrea and Jappiot, Marielle and San-Miguel-Ayanz, Jesus and Long-Fournel, Marl{\`e}ne and Lampin, Corinne},
  journal={Environmental management},
  volume={51},
  pages={651--662},
  year={2013},
  publisher={Springer}
}

@book{coonin2014marble,
  title={From marble to flesh: the biography of Michelangelo's David},
  author={Coonin, Arnold Victor and others},
  year={2014},
  publisher={The Florentine Press}
}

@article{fable2009role,
  title={The role of ion and electron electrostatic turbulence in characterizing stationary particle transport in the core of tokamak plasmas},
  author={Fable, E and Angioni, C and Sauter, O},
  journal={Plasma Physics and Controlled Fusion},
  volume={52},
  number={1},
  pages={015007},
  year={2009},
  publisher={IOP Publishing}
}

@article{rewoldt2005comparison,
  title={Comparison of microinstability properties for stellarator magnetic geometries},
  author={Rewoldt, G and Ku, L-P and Tang, WM},
  journal={Physics of plasmas},
  volume={12},
  number={10},
  year={2005},
  publisher={AIP Publishing}
}

@article{terry2015overview,
  title={Overview of gyrokinetic studies of finite-$\beta$ microturbulence},
  author={Terry, PW and Carmody, D and Doerk, H and Guttenfelder, W and Hatch, DR and Hegna, CC and Ishizawa, A and Jenko, F and Nevins, WM and Predebon, I and others},
  journal={Nuclear Fusion},
  volume={55},
  number={10},
  pages={104011},
  year={2015},
  publisher={IOP Publishing}
}

@article{merz2008nonlinear,
  title={Nonlinear saturation of trapped electron modes via perpendicular particle diffusion},
  author={Merz, F and Jenko, F},
  journal={Physical review letters},
  volume={100},
  number={3},
  pages={035005},
  year={2008},
  publisher={APS}
}

@article{fujisawa2008review,
  title={A review of zonal flow experiments},
  author={Fujisawa, Akihide},
  journal={Nuclear Fusion},
  volume={49},
  number={1},
  pages={013001},
  year={2008},
  publisher={IOP Publishing}
}

@article{itoh2006physics,
  title={Physics of zonal flows},
  author={Itoh, K and Itoh, S-I and Diamond, PH and Hahm, TS and Fujisawa, A and Tynan, GR and Yagi, M and Nagashima, Y},
  journal={Physics of plasmas},
  volume={13},
  number={5},
  year={2006},
  publisher={AIP Publishing}
}

@article{staebler2021verification,
  title={Verification of a quasi-linear model for gyrokinetic turbulent transport},
  author={Staebler, Gary M and Belli, EA and Candy, J and Kinsey, JE and Dudding, H and Patel, B},
  journal={Nuclear Fusion},
  volume={61},
  number={11},
  pages={116007},
  year={2021},
  publisher={IOP Publishing}
}

@article{casati2009validating,
  title={Validating a quasi-linear transport model versus nonlinear simulations},
  author={Casati, A and Bourdelle, C and Garbet, X and Imbeaux, Fr{\'e}d{\'e}ric and Candy, J and Clairet, F and Dif-Pradalier, Guilhem and Falchetto, G and Gerbaud, T and Grandgirard, Virginie and others},
  journal={Nuclear Fusion},
  volume={49},
  number={8},
  pages={085012},
  year={2009},
  publisher={IOP Publishing}
}

@article{citrin2012quasilinear,
  title={Quasilinear transport modelling at low magnetic shear},
  author={Citrin, Jonathan and Bourdelle, C and Cottier, P and Escande, DF and G{\"u}rcan, {\"O}zg{\"u}r D and Hatch, DR and Hogeweij, GMD and Jenko, F and Pueschel, MJ},
  journal={Physics of Plasmas},
  volume={19},
  number={6},
  year={2012},
  publisher={AIP Publishing}
}

@article{staebler2007theory,
  title={A theory-based transport model with comprehensive physics},
  author={Staebler, GM and Kinsey, JE and Waltz, RE},
  journal={Physics of Plasmas},
  volume={14},
  number={5},
  year={2007},
  publisher={AIP Publishing}
}

@article{nastac2022stochastic,
  title={Stochastic heating and entropy cascade in a solvable model of collisionless plasma turbulence},
  author={Nastac, Michael and Ewart, Robert and Sengupta, Wrick and Schekochihin, Alexander and Barnes, Michael and Dorland, William},
  journal={Bulletin of the American Physical Society},
  year={2022},
  publisher={APS}
}

@article{del2005nondiffusive,
  title={Nondiffusive transport in plasma turbulence: a fractional diffusion approach},
  author={del-Castillo-Negrete, Diego and Carreras, BA and Lynch, VE},
  journal={Physical review letters},
  volume={94},
  number={6},
  pages={065003},
  year={2005},
  publisher={APS}
}

@article{dif2010validity,
  title={On the validity of the local diffusive paradigm in turbulent plasma transport},
  author={Dif-Pradalier, Guilhem and Diamond, PH and Grandgirard, Virginie and Sarazin, Yanick and Abiteboul, J and Garbet, Xavier and Ghendrih, Ph and Strugarek, A and Ku, S and Chang, CS},
  journal={Physical Review E},
  volume={82},
  number={2},
  pages={025401},
  year={2010},
  publisher={APS}
}

@article{del2010non,
  title={Non-diffusive, non-local transport in fluids and plasmas},
  author={del-Castillo-Negrete, D},
  journal={Nonlinear processes in Geophysics},
  volume={17},
  number={6},
  pages={795--807},
  year={2010},
  publisher={Copernicus Publications G{\"o}ttingen, Germany}
}

@article{mier2008characterization,
  title={Characterization of nondiffusive transport in plasma turbulence via a novel Lagrangian method},
  author={Mier, Jos{\'e} {\'A}ngel and S{\'a}nchez, Ra{\'u}l and Garcia, Luis and Carreras, Benjam{\'\i}n A and Newman, David E},
  journal={Physical review letters},
  volume={101},
  number={16},
  pages={165001},
  year={2008},
  publisher={APS}
}

@article{hui2021machine,
  title={Machine learning of turbulent transport in fusion plasmas with neural network},
  author={Hui, LI and Yanlin, FU and Jiquan, LI and Zhengxiong, WANG},
  journal={Plasma Science and Technology},
  volume={23},
  number={11},
  pages={115102},
  year={2021},
  publisher={IOP Publishing}
}

@article{mathews2021turbulent,
  title={Turbulent field fluctuations in gyrokinetic and fluid plasmas},
  author={Mathews, Abhilash and Mandell, Noah and Francisquez, Manaure and Hughes, JW and Hakim, Ammar},
  journal={Physics of Plasmas},
  volume={28},
  number={11},
  year={2021},
  publisher={AIP Publishing}
}

@article{kube2021machine,
  title={Machine learning accelerated particle-in-cell plasma simulations},
  author={Kube, R and Churchill, RM and Sturdevant, B},
  journal={arXiv preprint arXiv:2110.12444},
  year={2021}
}

@article{ho2021neural,
  title={Neural network surrogate of QuaLiKiz using JET experimental data to populate training space},
  author={Ho, Aaron and Citrin, Jonathan and Bourdelle, Clarisse and Camenen, Yann and Casson, Francis J and van de Plassche, Karel L and Weisen, Henri and Contributors, JET},
  journal={Physics of Plasmas},
  volume={28},
  number={3},
  year={2021},
  publisher={AIP Publishing}
}

@article{anirudh20222022,
  title={2022 review of data-driven plasma science},
  author={Anirudh, Rushil and Archibald, Rick and Asif, M Salman and Becker, Markus M and Benkadda, Sadruddin and Bremer, Peer-Timo and Bud{\'e}, Rick HS and Chang, Choong-Seock and Chen, Lei and Churchill, RM and others},
  journal={arXiv preprint arXiv:2205.15832},
  year={2022}
}

@article{bethe1939energy,
  title={Energy production in stars},
  author={Bethe, Hans Albrecht},
  journal={Physical Review},
  volume={55},
  number={5},
  pages={434},
  year={1939},
  publisher={APS}
}

@article{adelberger2011solar,
  title={Solar fusion cross sections. II. The p p chain and CNO cycles},
  author={Adelberger, Eric G and Garc{\'\i}a, A and Robertson, RG Hamish and Snover, KA and Balantekin, AB and Heeger, K and Ramsey-Musolf, MJ and Bemmerer, D and Junghans, A and Bertulani, CA and others},
  journal={Reviews of Modern Physics},
  volume={83},
  number={1},
  pages={195},
  year={2011},
  publisher={APS}
}

@article{salpeter1952nuclear,
  title={Nuclear reactions in the stars. I. Proton-proton chain},
  author={Salpeter, EE},
  journal={Physical Review},
  volume={88},
  number={3},
  pages={547},
  year={1952},
  publisher={APS}
}

@book{wesson2011tokamaks,
  title={Tokamaks},
  author={Wesson, John and Campbell, David J},
  volume={149},
  year={2011},
  publisher={Oxford university press}
}

@article{hinton1976theory,
  title={Theory of plasma transport in toroidal confinement systems},
  author={Hinton, FL and Hazeltine, Richard D},
  journal={Reviews of Modern Physics},
  volume={48},
  number={2},
  pages={239},
  year={1976},
  publisher={APS}
}

@book{hermans2012donkere,
  title={De donkere kamer van Damokles},
  author={Hermans, Willem Frederik},
  year={2012},
  publisher={Uitgeverij De Bezige Bij bv}
}

@techreport{MercierLuc1974,
    title = {{Report No. EUR-5127e 140 (Commission of the European Communities, Brussels, 1974)}},
    year = {1974},
    author = {{C. Mercier} and {N. Luc}}
}

@article{dorland2000electron,
  title={Electron temperature gradient turbulence},
  author={Dorland, W and Jenko, F and Kotschenreuther, Mike and Rogers, BN},
  journal={Physical Review Letters},
  volume={85},
  number={26},
  pages={5579},
  year={2000},
  publisher={APS}
}

@article{blank2004guiding,
  title={Guiding center motion},
  author={Blank, HJ de},
  journal={Fusion science and technology},
  volume={45},
  number={2T},
  pages={47--54},
  year={2004},
  publisher={Taylor \& Francis}
}

@article{ida1998experimental,
  title={Experimental studies of the physical mechanism determining the radial electric field and its radial structure in a toroidal plasma},
  author={Ida, Katsumi},
  journal={Plasma Physics and Controlled Fusion},
  volume={40},
  number={8},
  pages={1429},
  year={1998},
  publisher={IOP Publishing}
}

@article{shats1999effect,
  title={Effect of the radial electric field on the fluctuation-produced transport in the H-1 heliac},
  author={Shats, MG},
  journal={Plasma physics and controlled fusion},
  volume={41},
  number={11},
  pages={1357},
  year={1999},
  publisher={IOP Publishing}
}

@article{estrada2021radial,
  title={Radial electric field and density fluctuations measured by Doppler reflectometry during the post-pellet enhanced confinement phase in W7-X},
  author={Estrada, Teresa and Carralero, D and Windisch, T and S{\'a}nchez, E and Garc{\'\i}a-Rega{\~n}a, JM and Mart{\'\i}nez-Fern{\'a}ndez, J and de la Pe{\~n}a, A and Velasco, JL and Alonso, JA and Beurskens, M and others},
  journal={Nuclear Fusion},
  volume={61},
  number={4},
  pages={046008},
  year={2021},
  publisher={IOP Publishing}
}

@article{pablant2018core,
  title={Core radial electric field and transport in Wendelstein 7-X plasmas},
  author={Pablant, NA and Langenberg, A and Alonso, A and Beidler, CD and Bitter, M and Bozhenkov, S and Burhenn, R and Beurskens, M and Delgado-Aparicio, L and Dinklage, A and others},
  journal={Physics of Plasmas},
  volume={25},
  number={2},
  pages={022508},
  year={2018},
  publisher={AIP Publishing LLC}
}

@article{ida2004characteristics,
  title={Characteristics of transport in electron internal transport barriers and in the vicinity of rational surfaces in the Large Helical Device},
  author={Ida, Katsumi and Inagaki, S and Shimozuma, T and Tamura, N and Funaba, H and Narihara, K and Kubo, S and Murakami, S and Wakasa, A and Yokoyama, M and others},
  journal={Physics of Plasmas},
  volume={11},
  number={5},
  pages={2551--2557},
  year={2004},
  publisher={American Institute of Physics}
}

@article{yokoyama2010role,
  title={Role of neoclassical transport and radial electric field in LHD plasmas},
  author={Yokoyama, M and Wakasa, A and Murakami, S and Watanabe, KY and Satake, S and Nishimura, S and Sugama, H and Nakajima, N and Funaba, H and Nakamura, Y},
  journal={Fusion Science and Technology},
  volume={58},
  number={1},
  pages={269--276},
  year={2010},
  publisher={Taylor \& Francis}
}

@article{ida2010ion,
  title={Ion internal transport barrier in the large helical device},
  author={Ida, K and Yoshinuma, M and Nagaoka, K and Osakabe, M and Morita, S and Goto, M and Funaba, H and Yokoyama, M and Ikeda, K and Nakano, H and others},
  journal={Contributions to Plasma Physics},
  volume={50},
  number={6-7},
  pages={558--561},
  year={2010},
  publisher={Wiley Online Library}
}

@article{hastings1985ambipolar,
  title={The ambipolar electric field in stellarators},
  author={Hastings, DE and Houlberg, WA and Shaing, Ker-Chung},
  journal={Nuclear Fusion},
  volume={25},
  number={4},
  pages={445},
  year={1985},
  publisher={IOP Publishing}
}

@article{Xanthopoulos2009AConfigurations,
    title = {{A geometry interface for gyrokinetic microturbulence investigations in toroidal configurations}},
    year = {2009},
    journal = {Phys. Plasmas},
    author = {Xanthopoulos, P and Cooper, W A and Jenko, F and Turkin, Yu. and Runov, A and Geiger, J},
    number = {8},
    month = {8},
    pages = {082303},
    volume = {16},
    publisher = {American Institute of Physics},
    url = {https://doi.org/10.1063/1.3187907},
    doi = {10.1063/1.3187907},
    issn = {1070-664X}
}

@article{Helander2017AvailablePlasmas,
    title = {{Available energy and ground states of collisionless plasmas}},
    year = {2017},
    journal = {J. Plasma Phys.},
    author = {Helander, Per},
    number = {4},
    volume = {83},
    publisher = {Cambridge University Press},
    issn = {0022-3778}
}

@article{Kolmes2020AvailableRearrangements,
    title = {{Available energy from diffusive and reversible phase space rearrangements}},
    year = {2020},
    journal = {Phys. Plasmas},
    author = {Kolmes, E J and Helander, P and Fisch, N J},
    number = {6},
    pages = {062110},
    volume = {27},
    publisher = {AIP Publishing LLC},
    issn = {1070-664X}
}

@article{Helander2020AvailablePlasmas,
    title = {{Available energy of magnetically confined plasmas}},
    year = {2020},
    journal = {J. Plasma Phys.},
    author = {Helander, Per},
    number = {2},
    volume = {86},
    publisher = {Cambridge University Press},
    issn = {0022-3778}
}

@article{Mackenbach2022AvailableTransport,
    title = {{Available Energy of Trapped Electrons and Its Relation to Turbulent Transport}},
    year = {2022},
    journal = {Physical Review Letters},
    author = {Mackenbach, R J J and Proll, Josefine H E and Helander, P},
    number = {17},
    pages = {175001},
    volume = {128},
    publisher = {APS}
}

@article{Lorenz1955AvailableCirculation,
    title = {{Available potential energy and the maintenance of the general circulation}},
    year = {1955},
    journal = {Tellus},
    author = {Lorenz, Edward N},
    number = {2},
    pages = {157--167},
    volume = {7},
    publisher = {Taylor {\&} Francis},
    issn = {0040-2826}
}

@article{Gardner1963BoundPlasma,
    title = {{Bound on the energy available from a plasma}},
    year = {1963},
    journal = {Phys. Fluids},
    author = {Gardner, Clifford S},
    number = {6},
    pages = {839--840},
    volume = {6},
    publisher = {American Institute of Physics},
    issn = {0031-9171}
}

@book{Helander2005CollisionalPlasmas,
    title = {{Collisional transport in magnetized plasmas}},
    year = {2005},
    author = {Helander, Per and Sigmar, Dieter J},
    volume = {4},
    publisher = {Cambridge university press},
    isbn = {0521020980}
}

@article{Helander2013CollisionlessModes,
    title = {{Collisionless microinstabilities in stellarators. I. Analytical theory of trapped-particle modes}},
    year = {2013},
    journal = {Physics of Plasmas},
    author = {Helander, Per and Proll, Josefine Henriette Elise and Plunk, Gabriel Galad},
    number = {12},
    pages = {122505},
    volume = {20},
    publisher = {American Institute of Physics},
    issn = {1070-664X}
}

@article{Plunk2014CollisionlessMode,
    title = {{Collisionless microinstabilities in stellarators. III. The ion-temperature-gradient mode}},
    year = {2014},
    journal = {Physics of Plasmas},
    author = {Plunk, G G and Helander, P and Xanthopoulos, P and Connor, J W},
    number = {3},
    pages = {032112},
    volume = {21},
    publisher = {American Institute of Physics},
    issn = {1070-664X}
}

@article{Plunk2017CollisionlessMode,
    title = {{Collisionless microinstabilities in stellarators. Part 4. The ion-driven trapped-electron mode}},
    year = {2017},
    journal = {J. Plasma Phys.},
    author = {Plunk, G G and Connor, J W and Helander, P},
    number = {4},
    volume = {83},
    publisher = {Cambridge University Press},
    issn = {0022-3778}
}

@article{Dimits2000ComparisonsSimulations,
    title = {{Comparisons and physics basis of tokamak transport models and turbulence simulations}},
    year = {2000},
    journal = {Physics of Plasmas},
    author = {Dimits, A M and others},
    number = {3},
    month = {2},
    pages = {969--983},
    volume = {7},
    publisher = {American Institute of Physics},
    url = {https://doi.org/10.1063/1.873896},
    doi = {10.1063/1.873896},
    issn = {1070-664X}
}

@article{Xanthopoulos2014ControllingStellarators,
    title = {{Controlling turbulence in present and future stellarators}},
    year = {2014},
    journal = {Phys. Rev. Lett.},
    author = {Xanthopoulos, P and Mynick, H E and Helander, P and Turkin, Yu and Plunk, G G and Jenko, F and G{\"{o}}rler, T and Told, D and Bird, T and Proll, J H E},
    number = {15},
    pages = {155001},
    volume = {113},
    publisher = {APS}
}

@article{Barnes2011CriticallyPlasmas,
    title = {{Critically balanced ion temperature gradient turbulence in fusion plasmas}},
    year = {2011},
    journal = {Phys. Rev. Lett.},
    author = {Barnes, M and Parra, F I and Schekochihin, A A},
    number = {11},
    pages = {115003},
    volume = {107},
    publisher = {APS}
}

@phdthesis{Puschel2009ElectromagneticTurbulence,
    title = {{Electromagnetic effects in gyrokinetic simulations of plasma turbulence}},
    year = {2009},
    author = {P{\"{u}}schel, Moritz Johannes},
    publisher = {Citeseer},
    school = {Universit{\"{a}}t M{\"{u}}nster}
}

@article{Jenko2000ElectronTurbulence,
    title = {{Electron temperature gradient driven turbulence}},
    year = {2000},
    journal = {Phys. Plasmas},
    author = {Jenko, Frank and Dorland, W and Kotschenreuther, M and Rogers, B N},
    number = {5},
    pages = {1904--1910},
    volume = {7},
    publisher = {American Institute of Physics},
    issn = {1070-664X}
}

@article{Mantica2009ExperimentalTokamak,
    title = {{Experimental Study of the Ion Critical-Gradient Length and Stiffness Level and the Impact of Rotation in the JET Tokamak}},
    year = {2009},
    journal = {Phys. Rev. Lett.},
    author = {Mantica, P and others},
    number = {17},
    month = {4},
    pages = {175002},
    volume = {102},
    publisher = {American Physical Society},
    url = {https://link.aps.org/doi/10.1103/PhysRevLett.102.175002},
    doi = {10.1103/PhysRevLett.102.175002}
}

@article{Beer1995FieldTurbulence,
    title = {{Field aligned coordinates for nonlinear simulations of tokamak turbulence}},
    year = {1995},
    journal = {Phys. Plasmas},
    author = {Beer, M A and Cowley, S C and Hammett, G W},
    number = {7},
    month = {8},
    pages = {2687--2700},
    volume = {2},
    publisher = {American Institute of Physics},
    url = {https://doi.org/10.1063/1.871232},
    doi = {10.1063/1.871232},
    issn = {1070-664X}
}

@book{Dhaeseleer2012FluxTheory,
    title = {{Flux coordinates and magnetic field structure: a guide to a fundamental tool of plasma theory}},
    year = {2012},
    author = {D'haeseleer, William D and Hitchon, William N G and Callen, James D and Shohet, J Leon},
    publisher = {Springer Science {\&} Business Media},
    isbn = {364275595X}
}

@article{Mandell2022GX:Design,
    title = {{GX: a GPU-native gyrokinetic turbulence code for tokamak and stellarator design}},
    year = {2022},
    journal = {arXiv preprint arXiv:2209.06731},
    author = {Mandell, N R and Dorland, W and Abel, I and Gaur, R and Kim, P and Martin, M and Qian, T}
}

@article{Dannert2005GyrokineticTurbulence,
    title = {{Gyrokinetic simulation of collisionless trapped-electron mode turbulence}},
    year = {2005},
    journal = {Phys. Plasmas},
    author = {Dannert, Tilman and Jenko, Frank},
    number = {7},
    pages = {072309},
    volume = {12},
    publisher = {American Institute of Physics},
    issn = {1070-664X}
}

@article{Garbet2010GyrokineticTransport,
    title = {{Gyrokinetic simulations of turbulent transport}},
    year = {2010},
    journal = {Nucl. Fusion},
    author = {Garbet, Xavier and Idomura, Yasuhiro and Villard, L and Watanabe, T H},
    number = {4},
    pages = {043002},
    volume = {50},
    publisher = {IOP Publishing},
    issn = {0029-5515}
}

@article{Bozhenkov2020High-performance7-X,
    title = {{High-performance plasmas after pellet injections in Wendelstein 7-X}},
    year = {2020},
    journal = {Nucl. Fusion},
    author = {Bozhenkov, S A and others},
    number = {6},
    month = {5},
    pages = {66011},
    volume = {60},
    publisher = {IOP Publishing},
    url = {https://doi.org/10.1088/1741-4326/ab7867},
    doi = {10.1088/1741-4326/ab7867}
}

@article{Aleynikova2018KineticStellarators,
    title = {{Kinetic ballooning modes in tokamaks and stellarators}},
    year = {2018},
    journal = {J. Plasma Phys.},
    author = {Aleynikova, K and Zocco, A and Xanthopoulos, P and Helander, P and N{\"{u}}hrenberg, C},
    number = {6},
    volume = {84},
    publisher = {Cambridge University Press},
    issn = {0022-3778}
}

@article{Dinklage2018MagneticStellarator,
    title = {{Magnetic configuration effects on the Wendelstein 7-X stellarator}},
    year = {2018},
    journal = {Nat. Phys.},
    author = {Dinklage, Andreas and Beidler, C D and Helander, Per and Fuchert, Golo and Maa{\ss}berg, H and Rahbarnia, Kian and Pedersen, T Sunn and Turkin, Y and Wolf, R C and Alonso, A},
    number = {8},
    pages = {855--860},
    volume = {14},
    publisher = {Nature Publishing Group},
    issn = {1745-2481}
}

@article{Wolf2017MajorStellarator,
    title = {{Major results from the first plasma campaign of the Wendelstein 7-X stellarator}},
    year = {2017},
    journal = {Nucl. Fusion},
    author = {Wolf, R C and others},
    number = {10},
    pages = {102020},
    volume = {57},
    publisher = {IOP Publishing},
    url = {http://dx.doi.org/10.1088/1741-4326/aa770d},
    doi = {10.1088/1741-4326/aa770d},
    issn = {0029-5515}
}

@phdthesis{Gorler2010MultiscaleMicroturbulence,
    title = {{Multiscale effects in plasma microturbulence}},
    year = {2010},
    author = {G{\"{o}}rler, Tobias},
    school = {Universit{\"{a}}t Ulm}
}

@article{Liouville1838NoteArbitraires.,
    title = {{Note sur la Th{\'{e}}orie de la Variation des constantes arbitraires.}},
    year = {1838},
    journal = {J. Math. Pures Appl.},
    author = {Liouville, Joseph},
    pages = {342--349}
}

@article{Romanelli2007NumericalTokamaks,
    title = {{Numerical study of linear dissipative drift electrostatic modes in tokamaks}},
    year = {2007},
    journal = {Phys. Plasmas},
    author = {Romanelli, M and Regnoli, G and Bourdelle, C},
    number = {8},
    month = {8},
    pages = {082305},
    volume = {14},
    publisher = {American Institute of Physics},
    url = {https://doi.org/10.1063/1.2755981},
    doi = {10.1063/1.2755981},
    issn = {1070-664X}
}

@article{Hillesheim2013ObservationTokamak,
    title = {{Observation of a Critical Gradient Threshold for Electron Temperature Fluctuations in the DIII-D Tokamak}},
    year = {2013},
    journal = {Phys. Rev. Lett.},
    author = {Hillesheim, J C and others},
    number = {4},
    month = {1},
    pages = {45003},
    volume = {110},
    publisher = {American Physical Society},
    url = {https://link.aps.org/doi/10.1103/PhysRevLett.110.045003},
    doi = {10.1103/PhysRevLett.110.045003}
}

@article{St-Onge2017OnShift,
    title = {{On non-local energy transfer via zonal flow in the Dimits shift}},
    year = {2017},
    journal = {J. Plasma Phys.},
    author = {St-Onge, Denis A},
    edition = {2017/10/10},
    number = {5},
    pages = {905830504},
    volume = {83},
    publisher = {Cambridge University Press},
    url = {https://www.cambridge.org/core/article/on-nonlocal-energy-transfer-via-zonal-flow-in-the-dimits-shift/D8F9917FD9CD5A7E06B632120D483BD4},
    doi = {DOI: 10.1017/S0022377817000708},
    issn = {0022-3778},
    keywords = {fusion plasma, plasma instabilities, plasma nonlinear phenomena}
}

@article{Mynick2010OptimizingTransport,
    title = {{Optimizing stellarators for turbulent transport}},
    year = {2010},
    journal = {Phys. Rev. Lett.},
    author = {Mynick, H E and Pomphrey, N and Xanthopoulos, P},
    number = {9},
    pages = {095004},
    volume = {105},
    publisher = {APS}
}

@article{Klinger2019OverviewOperation,
    title = {{Overview of first Wendelstein 7-X high-performance operation}},
    year = {2019},
    journal = {Nucl. Fusion},
    author = {Klinger, T and others},
    number = {11},
    pages = {112004},
    volume = {59},
    publisher = {IOP Publishing},
    url = {http://dx.doi.org/10.1088/1741-4326/ab03a7},
    doi = {10.1088/1741-4326/ab03a7},
    issn = {0029-5515}
}

@article{Spong2001PhysicsStellarators,
    title = {{Physics issues of compact drift optimized stellarators}},
    year = {2001},
    journal = {Nucl. Fusion},
    author = {Spong, D A and Hirshman, Steven P and Berry, L A and Lyon, J F and Fowler, R H and Strickler, D J and Cole, M J and Nelson, B N and Williamson, D E and Ware, A S and others},
    number = {6},
    pages = {711},
    volume = {41},
    publisher = {IOP Publishing},
    issn = {0029-5515}
}

@article{Kadomtsev1967PlasmaGeometry,
    title = {{Plasma instability due to particle trapping in a toroidal geometry}},
    year = {1967},
    journal = {Sov. Phys. JETP},
    author = {Kadomtsev, B B and Pogutse, O P},
    pages = {1172--1179},
    volume = {24}
}

@article{Gates2017RecentOptimization,
    title = {{Recent advances in stellarator optimization}},
    year = {2017},
    journal = {Nucl. Fusion},
    author = {Gates, D A and Boozer, A H and Brown, T and Breslau, J and Curreli, Davide and Landreman, M and Lazerson, S A and Lore, J and Mynick, H and Neilson, G H},
    number = {12},
    pages = {126064},
    volume = {57},
    publisher = {IOP Publishing},
    issn = {0029-5515}
}

@article{Kolmes2020RecoveringOperations,
    title = {{Recovering Gardner restacking with purely diffusive operations}},
    year = {2020},
    journal = {Phys. Rev. E},
    author = {Kolmes, E J and Fisch, N J},
    number = {6},
    month = {12},
    pages = {63209},
    volume = {102},
    publisher = {American Physical Society},
    url = {https://link.aps.org/doi/10.1103/PhysRevE.102.063209},
    doi = {10.1103/PhysRevE.102.063209}
}

@article{Proll2012ResilienceInstabilities,
    title = {{Resilience of Quasi-Isodynamic Stellarators against Trapped-Particle Instabilities}},
    year = {2012},
    journal = {Phys. Rev. Lett.},
    author = {Proll, J H E and Helander, P and Connor, J W and Plunk, G G},
    number = {24},
    month = {6},
    pages = {245002},
    volume = {108},
    publisher = {American Physical Society},
    url = {https://link.aps.org/doi/10.1103/PhysRevLett.108.245002},
    doi = {10.1103/PhysRevLett.108.245002}
}

@article{Pueschel2016StellaratorModeling,
    title = {{Stellarator Turbulence: Subdominant Eigenmodes and Quasilinear Modeling}},
    year = {2016},
    journal = {Physical Review Letters},
    author = {Pueschel, M. J. and Faber, B. J. and Citrin, J. and Hegna, C. C. and Terry, P. W. and Hatch, D. R.},
    number = {8},
    month = {2},
    pages = {85001},
    volume = {116},
    publisher = {American Physical Society},
    url = {https://link.aps.org/doi/10.1103/PhysRevLett.116.085001},
    doi = {10.1103/PhysRevLett.116.085001}
}

@article{proll2022turbulence,
  title={Turbulence mitigation in maximum-J stellarators with electron-density gradient},
  author={Proll, JHE and Plunk, GG and Faber, BJ and G{\"o}rler, T and Helander, P and McKinney, IJ and Pueschel, MJ and Smith, HM and Xanthopoulos, P},
  journal={Journal of Plasma Physics},
  volume={88},
  number={1},
  pages={905880112},
  year={2022},
  publisher={Cambridge University Press}
}

@article{Proll2015TEMStellarators,
    title = {{TEM turbulence optimisation in stellarators}},
    year = {2015},
    journal = {Plasma Phys. Control. Fusion},
    author = {Proll, J H E and Mynick, H E and Xanthopoulos, P and Lazerson, S A and Faber, B J},
    number = {1},
    pages = {014006},
    volume = {58},
    publisher = {IOP Publishing},
    issn = {0741-3335}
}

@book{Hormander2015TheAnalysis,
    title = {{The Analysis of Linear Partial Differential Operators I: Distribution Theory and Fourier Analysis}},
    year = {2015},
    author = {H{\"{o}}rmander, Lars},
    pages = {136--137},
    publisher = {Springer},
    address = {New York},
    isbn = {3642614973}
}

@article{SpitzerJr1958TheConcept,
    title = {{The stellarator concept}},
    year = {1958},
    journal = {Phys. Fluids},
    author = {Spitzer Jr, Lyman},
    number = {4},
    pages = {253--264},
    volume = {1},
    publisher = {American Institute of Physics},
    issn = {0031-9171}
}

@article{Helander2015TheGeometry,
    title = {{The universal instability in general geometry}},
    year = {2015},
    journal = {Phys. Plasmas},
    author = {Helander, P and Plunk, G G},
    number = {9},
    pages = {090706},
    volume = {22},
    publisher = {AIP Publishing LLC},
    issn = {1070-664X}
}

@article{Helander2015TheGeometryb,
    title = {{The universal instability in general geometry}},
    year = {2015},
    journal = {Physics of Plasmas},
    author = {Helander, P and Plunk, G G},
    number = {9},
    pages = {090706},
    volume = {22},
    publisher = {AIP Publishing LLC},
    issn = {1070-664X}
}

@article{Jorge2020TheSimulations,
    title = {{The use of near-axis magnetic fields for stellarator turbulence simulations}},
    year = {2020},
    journal = {Plasma Phys. Control. Fusion},
    author = {Jorge, Rogerio and Landreman, Matt},
    number = {1},
    pages = {014001},
    volume = {63},
    publisher = {IOP Publishing},
    issn = {0741-3335}
}

@article{Helander2014TheoryFields,
    title = {{Theory of plasma confinement in non-axisymmetric magnetic fields}},
    year = {2014},
    journal = {Rep. Prog. Phys.},
    author = {Helander, Per},
    number = {8},
    pages = {087001},
    volume = {77},
    publisher = {IOP Publishing},
    issn = {0034-4885}
}

@article{Hall1975Three-dimensionalPlasma,
    title = {{Three-dimensional equilibrium of the anisotropic, finite-pressure guiding-center plasma: Theory of the magnetic plasma}},
    year = {1975},
    journal = {Phys. Fluids},
    author = {Hall, Laurence S and McNamara, Brendan},
    number = {5},
    pages = {552--565},
    volume = {18},
    publisher = {American Institute of Physics},
    issn = {0031-9171}
}

@article{Citrin2017TractableQuaLiKiz,
    title = {{Tractable flux-driven temperature, density, and rotation profile evolution with the quasilinear gyrokinetic transport model QuaLiKiz}},
    year = {2017},
    journal = {Plasma Physics and Controlled Fusion},
    author = {Citrin, J and Bourdelle, C and Casson, F J and Angioni, C and Bonanomi, N and Camenen, Y and Garbet, X and Garzotti, L and G{\"{o}}rler, T and G{\"{u}}rcan, O and Koechl, F and Imbeaux, F and Linder, O and van de Plassche, K and Strand, P and Szepesi, G},
    number = {12},
    month = {11},
    pages = {124005},
    volume = {59},
    publisher = {IOP Publishing},
    url = {https://doi.org/10.1088/1361-6587/aa8aeb},
    doi = {10.1088/1361-6587/aa8aeb}
}

@article{Proll2022TurbulenceGradient,
    title = {{Turbulence mitigation in maximum-J stellarators with electron-density gradient}},
    year = {2022},
    journal = {Journal of Plasma Physics},
    author = {Proll, J H E and Plunk, G G and Faber, B J and G{\"{o}}rler, T and Helander, P and McKinney, I J and Pueschel, M J and Smith, H M and Xanthopoulos, P},
    edition = {2022/02/10},
    number = {1},
    pages = {905880112},
    volume = {88},
    publisher = {Cambridge University Press},
    url = {https://www.cambridge.org/core/article/turbulence-mitigation-in-maximumj-stellarators-with-electrondensity-gradient/CE3F398EB40134ADFF8D6D9E2758FCEF},
    doi = {DOI: 10.1017/S002237782200006X},
    issn = {0022-3778},
    keywords = {fusion plasma, plasma confinement, plasma instabilities}
}

@article{Landreman2015UniversalScale,
    title = {{Universal instability for wavelengths below the ion larmor scale}},
    year = {2015},
    journal = {Phys. Rev. Lett.},
    author = {Landreman, Matt and Antonsen Jr, Thomas M and Dorland, William},
    number = {9},
    pages = {095003},
    volume = {114},
    publisher = {APS}
}

@article{Dodin2005VariationalAlgorithm,
    title = {{Variational formulation of the Gardner's restacking algorithm}},
    year = {2005},
    journal = {Phys. Lett.},
    author = {Dodin, Ilya Yevgenyevich and Fisch, N J},
    number = {1-4},
    pages = {187--192},
    volume = {341},
    publisher = {Elsevier},
    issn = {0375-9601}
}

@book{Gurbatov2012WavesAcoustics,
    title = {{Waves and structures in nonlinear nondispersive media: general theory and applications to nonlinear acoustics}},
    year = {2012},
    author = {Gurbatov, Sergey Nikolaevich and Rudenko, Oleg Vladimirovich and Saichev, Aleksandr I},
    publisher = {Springer Science {\&} Business Media},
    isbn = {3642236170}
}

@article{garbet2004profile,
  title={Profile stiffness and global confinement},
  author={Garbet, X and Mantica, P and Ryter, F and Cordey, G and Imbeaux, F and Sozzi, C and Manini, A and Asp, E and Parail, V and Wolf, R and others},
  journal={Plasma physics and controlled fusion},
  volume={46},
  number={9},
  pages={1351},
  year={2004},
  publisher={IOP Publishing}
}

@article{roberg2022coarse,
  title={Coarse-grained gyrokinetics for the critical ion temperature gradient in stellarators},
  author={Roberg-Clark, GT and Plunk, GG and Xanthopoulos, P},
  journal={Physical Review Research},
  volume={4},
  number={3},
  pages={L032028},
  year={2022},
  publisher={APS}
}

@techreport{milligen2008quantifying,
  title={Quantifying profile stiffness},
  author={Milligen, B Ph and Tribaldos, V and Vargas, VI and Sanchez, R and others},
  year={2008}
}

@article{sanchez2015self,
  title={Self-organized criticality and the dynamics of near-marginal turbulent transport in magnetically confined fusion plasmas},
  author={Sanchez, R and Newman, DE},
  journal={Plasma Physics and Controlled Fusion},
  volume={57},
  number={12},
  pages={123002},
  year={2015},
  publisher={IOP Publishing}
}

@article{weir2021heat,
  title={Heat pulse propagation and anomalous electron heat transport measurements on the optimized stellarator W7-X},
  author={Weir, GM and Xanthopoulos, P and Hirsch, M and H{\"o}fel, U and Stange, T and Pablant, N and Grulke, O and {\"A}k{\"a}slompolo, S and Alcuson, J and Bozhenkov, S and others},
  journal={Nuclear Fusion},
  volume={61},
  number={5},
  pages={056001},
  year={2021},
  publisher={IOP Publishing}
}

@article{roberg2023critical,
  title={Critical gradient turbulence optimization toward a compact stellarator reactor concept},
  author={Roberg-Clark, GT and Plunk, GG and Xanthopoulos, P and N{\"u}hrenberg, C and Henneberg, SA and Smith, HM},
  journal={arXiv preprint arXiv:2301.06773},
  year={2023}
}

@misc{mackenbach2023bounceaveraged,
      title={Bounce-averaged drifts: Equivalent definitions, numerical implementations, and example cases}, 
      author={R. J. J. Mackenbach and J. M. Duff and M. J. Gerard and J. H. E. Proll and P. Helander and C. C. Hegna},
      year={2023},
      eprint={2305.01225},
      archivePrefix={arXiv},
      primaryClass={physics.plasm-ph}
}

@article{costello2023universal,
  title={The universal instability in optimised stellarators},
  author={Costello, P and Proll, JHE and Plunk, GG and Pueschel, MJ and Alcus{\'o}n, JA},
  journal={Journal of Plasma Physics},
  volume={89},
  number={4},
  pages={905890402},
  year={2023},
  publisher={Cambridge University Press}
}
